3148 4984
623 539 850 608 ..43-

119 735 307 825 au5n033
369 738 486 804 Aesoh.
524 739 629 804 Pron.
661 735 725 802 637
748 716 822 804 ’σοῦ
854 733 1043 824 διδαχθήτω
1078 733 1175 823 πάρα.
1209 738 1294 803 Plat.

123 849 260 914 Gonv.
290 846 384 929 175,
403 847 438 912 C.
467 845 550 931 Rep.
566 846 591 929 I,
609 844 684 927 332,
701 845 746 910 Β..
777 845 861 910 Xen.
879 846 952 930 Gyr.
972 846 1000 928 1,
1019 847 1049 928 6,
1067 846 1098 910 2.
1128 845 1159 927 6,
1180 844 1208 928 1,
1225 843 1293 928 42),

129 956 241 1040 apud
276 955 399 1020 Arist.
417 960 522 1018 exstat
546 953 626 1018 nan.
649 953 714 1017 226
737 953 812 1038 παρ’
838 950 920 1036 ἐμοῦ
942 949 1085 1036 πόλεμος
1109 947 1235 1032 αὔξεται
1250 989 1295 1007 -

135 1081 338 1148 eomparo
370 1079 438 1126 oum
461 1081 490 1125 r.
515 1059 580 1124 529
605 1055 689 1147 α’ρχή
717 1060 774 1126 τοῦ
802 1062 947 1144 πολέμου
974 1054 1148 1150 κατερράγη
1164 1054 1296 1150 Ἕλλησι

143 1166 268 1236 πᾶσιν
300 1166 350 1236 ἐκ
373 1166 469 1252 τριῶν
491 1167 704 1254 λαικαστριῶν
719 1203 763 1212 -··
778 1175 812 1234 et
834 1168 909 1252 Lys.
927 1168 992 1234 613
1016 1163 1084 1255 ἥξει
1108 1167 1184 1253 παρ’
1202 1162 1296 1254 ἡμῶν

149 1271 193 1342 τὰ
219 1272 322 1362 τρίτ’
348 1273 617 1358 ἐπεσκευασμένα.

258 1383 433 1448 Videmus
468 1382 582 1466 igitur,
626 1382 769 1468 plurimis
802 1383 882 1448 loeis
917 1377 1005 1468 παρά
1029 1383 1189 1466 genetivo
1224 1401 1295 1447 oon·

159 1489 328 1556 innatum
354 1508 372 1556 e
394 1491 503 1556 verbis
518 1491 670 1576 pendere.
703 1490 934 1573 Nonnunquam
956 1490 1145 1575 particulam
1160 1488 1296 1573 legimus

166 1615 185 1660 e
203 1598 435 1664 substantivis
452 1617 525 1663 esre
549 1617 746 1682 suspensam,
773 1597 830 1662 sed
853 1598 907 1661 ubi
929 1598 990 1662 hoo
1005 1597 1050 1678 fit,
1070 1597 1144 1662 dere
1169 1615 1297 1683 semper

171 1705 275 1770 verbi
303 1705 415 1770 omissi
438 1705 527 1772 notio
550 1713 661 1790 potest
685 1704 859 1770 subaudiri.
907 1704 1067 1770 Omissum
1082 1713 1141 1769 est
1165 1705 1297 1770 verbum

168 1811 337 1878 veniendi
353 1812 435 1876 th.
453 1811 494 1876 61
512 1815 657 1898 πρέςβεις
673 1813 705 1878 οἱ
726 1808 814 1896 παρῶ
833 1813 999 1898 βασιλέως.
1015 1812 1059 1878 ib.
1077 1810 1141 1875 134
1166 1815 1297 1895 Θέωρος
1345 1829 1347 1833 ’

179 1911 198 1982 ὁ
223 1915 320 2004 παραὶ
343 1912 527 1993 Σιτάλκους.
573 1920 648 1984 Alia
672 1920 819 2004 exempla
842 1927 915 1984 sunt
937 1919 1038 2005 Vesp.
1058 1918 1143 1983 1160
1165 1915 1297 2002 ἐχθρῶν

185 2027 261 2110 παρ’
296 2021 426 2110 ῶνδρῶν
456 2025 598 2113 δυσμενῆ
629 2021 815 2110 καττύματα.
851 2027 924 2110 Lys.
954 2026 1019 2091 562
1047 2027 1180 2093 λέκιθον
1208 2021 1296 2110 παραὶ

189 2127 295 2213 γραός.
354 2131 428 2198 Uno
464 2133 535 2198 looo
568 2134 691 2217 regitur
723 2135 923 2220 praepositio
958 2134 1085 2198 nomine
1120 2134 1294 2199 adieetivo:

187 2236 240 2303 Pi.
266 2241 329 2305 532
354 2236 434 2325 ,παρ’
463 2236 545 2324 ἐμού
572 2239 600 2307 δ’
631 2239 714 2308 ἔστιν
740 2240 823 2307 sarid
853 2237 993 2326 εὔπορα,
1029 2241 1081 2304 ubi
1110 2241 1297 2332 uocabulum

195 2341 317 2432 εὔπορα
348 2349 434 2413 idem
461 2348 587 2413 ridetur
615 2349 722 2414 valere
751 2349 835 2431 quod
863 2351 1154 2433 παρεσκευασμένα.
1217 2348 1296 2412 Turn

200 2454 319 2532 pendet
332 2450 418 2539 παρῶ
433 2474 474 2520 ex
489 2456 625 2521 articulo
642 2457 784 2522 neutrius
801 2455 929 2540 generis
954 2463 986 2521 et
1007 2457 1129 2520 numeri
1151 2455 1295 2541 pluralis.

204 2553 295 2624 Haeo
315 2560 425 2647 habes,
461 2558 499 2628 τῶ
527 2563 601 2648 παρ’
632 2558 723 2646 ἐμῶν
745 2563 820 2648 Lys.
845 2563 920 2628 243.
955 2558 993 2628 τοὶ
1015 2559 1076 2645 μέν
1104 2564 1179 2648 παρ’
1204 2557 1297 2648 ἡμῶν

204 2663 260 2732 Th.
284 2665 365 2732 1170
388 2691 461 2752 „res
486 2692 505 2735 a
529 2655 621 2736 nobis
646 2669 793 2754 gestae“.
841 2671 895 2736 Sie
917 2669 1001 2735 Xen.
1023 2669 1116 2734 Mem.
1135 2671 1164 2751 3,
1185 2670 1235 2750 11,
1256 2670 1296 2734 13

200 2772 317 2860 δωροῖο
350 2773 387 2843 τοὶ
421 2773 510 2862 παρῶ
544 2776 685 2864 σεαυτῆς.
722 2779 795 2863 Gyr.
833 2778 863 2859 3,
886 2779 917 2860 2,
940 2778 982 2842 30
1011 2774 1049 2843 τὰ
1076 2773 1164 2861 παρῶ
1187 2772 1297 2862 Κύρου

193 2879 288 2966 „Opi
322 2883 507 2950 mandata“.
568 2886 692 2952 Herod.
733 2887 764 2967 8,
794 2884 837 2949 55
874 2879 968 2968 λόγος
1001 2880 1089 2968 παρῶ
1110 2879 1295 2975 Ἀθαναίων.
1342 2939 1345 2944 .

195 2985 288 3056 Dem.
313 2991 387 3077 Lpt.
414 2991 455 3055 75
480 2988 499 3058 o‘
521 2990 596 3078 παρ’
619 2991 700 3077 ἐμοῦ
721 2988 823 3076 λόγος.

280 3095 442 3181 Sequitur,
470 3107 502 3164 ut
525 3101 690 3180 disseram,
720 3100 879 3184 quomodo
903 3093 991 3184 παρά
1014 3098 1123 3164 dativo
1147 3099 1294 3164 additum

189 3224 208 3268 a
231 3213 332 3290 poeta
355 3213 536 3291 usurpetur.
582 3207 619 3271 In
647 3208 706 3272 hae
729 3208 966 3273 construetione
991 3206 1188 3291 praepositio
1212 3209 1295 3291 prin·

188 3312 327 3398 oipalem
357 3321 390 3378 et
417 3321 599 3379 accuratam
626 3315 786 3380 notionem
815 3335 879 3380 non
906 3315 1044 3395 retinuit,
1081 3313 1139 3400 sed
1169 3314 1296 3380 ineam

174 3419 330 3502 deflexit,
357 3441 439 3505 quae
462 3421 558 3487 latius
580 3430 681 3507 patet,
699 3423 731 3486 in
748 3420 875 3507 „apud“
892 3421 1072 3507 particulae
1089 3420 1296 3488 intellectum.

188 3526 297 3606 Quare
321 3528 442 3613 aliquid
466 3529 552 3614 apud
575 3529 709 3616 aliquam
733 3549 801 3594 rem
816 3531 942 3594 versari·
961 3529 1084 3594 indioat
1100 3528 1296 3612 maximeque

186 3635 302 3700 verbis
342 3637 526 3720 quiescendi
564 3635 746 3721 apponitur.
812 3637 992 3702 Adamasse
1031 3637 1157 3700 videtur
1194 3636 1296 3703 Arist.

190 3741 296 3807 verba
312 3742 488 3810 dormiendi
507 3765 575 3810 oum
587 3738 675 3828 παρά
684 3745 925 3829 praepositione
936 3749 1129 3810 constructa.
1161 3741 1296 3829 Saepius

187 3849 274 3932 legis
297 3845 474 3918 καθεύδειν
496 3853 554 3917 Th.
579 3849 654 3914 419.
690 3851 778 3915 Eool.
802 3851 876 3934 710,
893 3851 969 3933 894,
987 3851 1061 3934 938,
1083 3848 1295 3932 1039,1050.

188 3952 452 4044 καταδαρθάνειν
466 3959 553 4024 ΕοοΙ.
573 3958 649 4024 628.
672 3956 853 4043 κοιμᾶσθαι
875 3959 917 4023 ib.
945 3958 1019 4024 723.
1068 3957 1174 4043 Saepe
1201 3957 1296 4022 etiam

190 4064 277 4150 apud
299 4065 432 4130 verbum
455 4053 538 4133 sirau
560 4067 759 4152 praepositio
784 4059 871 4150 παρῶ
888 4065 1058 4129 adhibetur
1074 4065 1125 4130 vel
1149 4065 1296 4150 supplen-

192 4170 349 4256 domest,
386 4172 471 4258 quod
501 4173 632 4240 verbnm
669 4173 804 4240 omnium
839 4193 879 4272 eu
914 4171 1026 4255 quibus
1053 4167 1143 4258 παρά
1170 4193 1197 4239 ο.
1230 4174 1295 4239 dat.

193 4279 314 4361 pendet
339 4279 509 4346 verborum
532 4281 635 4347 instar
665 4281 838 4348 existimari
866 4279 983 4366 possit,
1020 4279 1201 4346 testimonia
1225 4286 1298 4346 sunt
