3100 4976
640 545 859 609 „12-

201 763 290 824 „oum
313 737 534 829 paucissimis“
560 741 611 807 uel
634 741 769 826 proprie
794 741 856 821 ,ad
891 738 1114 826 paucissima“,
1143 747 1299 827 utsupra

199 853 278 916 Aah.
303 847 378 916 835.
410 841 598 932 'Berglerus
622 856 789 934 comparat
812 849 890 914 Eur.
911 849 981 933 Iph.
999 849 1071 914 Aul.
1089 847 1153 913 541
1179 843 1222 922 uir
1246 843 1298 915 ἐπ’

198 951 377 1039 ἐλαχίστοις
412 951 562 1041 δακρύοις
595 950 727 1039 πρόσσω
761 954 865 1030 κακοῖς
904 963 959 1038 „ut
997 975 1066 1020 oum
1099 955 1299 1040 paucissimis

199 1066 336 1131 lacrimis
352 1066 411 1130 sim
427 1063 554 1129 miser“.
594 1061 734 1130 Uberius
758 1083 825 1128 rem
845 1063 976 1156 exponit
991 1061 1094 1128 Fiseh.
1111 1063 1161 1128 his
1177 1063 1298 1128 verbis:

201 1195 290 1254 „uum
326 1191 483 1259 pauperes
511 1171 645 1236 Theseis
675 1169 845 1236 exhilarati
873 1171 976 1255 epulis
1004 1171 1161 1254 legantur,
1198 1169 1299 1236 eredi-

198 1281 263 1345 bile
290 1287 342 1345 est
349 1329 356 1360 ,
391 1281 431 1344 iis
460 1278 626 1363 appositas
654 1279 754 1344 fuisse
777 1277 927 1361 reliquias
956 1278 1165 1359 victimarum,
1201 1285 1236 1342 ut
1265 1276 1299 1340 in

199 1389 270 1454 aliis
300 1387 403 1473 epulis
433 1384 674 1470 sacrificalibus3
713 1387 848 1470 denique
883 1405 953 1450 oum
988 1385 1173 1450 comedatur
1207 1384 1299 1469 panis

199 1517 267 1562 oum
291 1515 399 1577 earne,
423 1502 568 1580 apparet,
604 1493 687 1559 hane
713 1495 803 1558 verbi
830 1493 1126 1578 interpret-ationem
1156 1492 1299 1576 adiuvari

199 1605 293 1668 etiam
329 1603 435 1667 verbis
471 1595 523 1666 ἐπ’
554 1595 722 1683 ὀλιγίστοις
750 1596 904 1686 ἀλφίτοις,
941 1601 971 1664 b.
1002 1620 1029 1666 e.
1066 1621 1135 1666 eum
1163 1600 1299 1686 panibus
1335 1636 1338 1643 ·

199 1708 444 1776 minutissimis“.

288 1816 357 1883 Neo
373 1817 473 1880 minus
490 1816 717 1901 interpretibus
734 1815 952 1881 difficultatem
968 1817 1135 1882 maximam
1150 1813 1300 1900 praebuit

199 1927 259 2009 Eq.
290 1923 355 1988 546
384 1923 511 2009 αἴρεσθ’
542 1916 628 2010 anaqi
657 1920 741 1990 notri
769 1920 804 1989 τό
829 1917 961 2008 ῥόθιον,
991 1917 1223 2008 παραπέμψατ’
1246 1918 1298 2005 ἐφ’

200 2031 314 2100 ἕνδεκα
337 2027 469 2104 κώπαις.
515 2029 661 2095 Kookius
683 2031 716 2094 in
740 2038 847 2096 annot.
873 2030 914 2094 ad
938 2031 967 2096 h.
992 2031 1012 2094 l.
1038 2030 1206 2096 obscurum
1230 2047 1301 2092 eum

199 2159 271 2206 esse
307 2140 396 2206 dicit.
453 2139 503 2202 Ex
532 2138 659 2203 scholiis
687 2158 791 2223 pauea
819 2139 898 2204 sumi
927 2145 1070 2222 possunt,
1106 2155 1189 2218 quae
1220 2135 1301 2200 haee

197 2248 344 2334 planiora
378 2247 510 2311 saniant.
557 2247 607 2311 De
642 2265 721 2310 voce
755 2240 873 2331 ῥόθιον
907 2265 987 2328 quae
1017 2242 1157 2328 explieat
1180 2240 1298 2324 Sahoi,

199 2355 279 2421 haee
324 2362 411 2420 sunt:
461 2348 598 2438 ,ῥόθιον
642 2349 678 2420 τό
723 2352 809 2437 κόμα
852 2349 917 2420 ἀπό
958 2350 1016 2419 τοό
1056 2355 1177 2432 ταχέως
1222 2354 1299 2435 ῥεῖν.

200 2458 265 2528 όπό
293 2459 355 2528 τόν
382 2457 575 2546 ε’ρεσσόντων
596 2457 796 2549 μετήνεγκεν,
822 2457 897 2544 ὅταν
922 2456 1061 2542 συνεχῶς
1083 2454 1149 2526 όπό
1172 2453 1302 2526 πολλῶν

199 2568 313 2656 ἐρετῶν
350 2566 403 2634 ἐπὶ
442 2569 543 2634 πλέον
580 2572 789 2654 προσέρχεται
827 2563 850 2654 q‘
887 2568 966 2642 ναῦς
1003 2569 1049 2641 εἷς
1081 2563 1116 2633 τό
1145 2561 1300 2651 πρόσθεν.

199 2673 285 2758 α’ξιοί
295 2657 354 2742 orio
365 2671 419 2740 τόν
434 2674 492 2741 νῦν
508 2674 641 2742 ἔπαινον
656 2681 752 2759 μέχρι
768 2673 893 2742 πολλοῦ
909 2679 1139 2759 παραπέμψαι.
1169 2674 1300 2749 Quibus-

199 2807 268 2852 oum
305 2784 451 2850 conferas
488 2803 570 2866 quae
605 2783 684 2848 dicit
719 2782 906 2848 Eustathius
942 2781 982 2844 ad
1018 2780 1078 2843 Od.
1109 2803 1124 2846 ε
1153 2777 1300 2861 »ἐλέγετο

199 2888 365 2981 ῥοθιάζειν
392 2891 445 2958 καὶ
474 2886 525 2957 ὅτε
553 2892 586 2956 οἱ
608 2889 720 2956 ναῦται
749 2889 803 2956 ἐπὶ
832 2884 956 2961 κιόπαις
984 2889 1061 2953 δέκα
1083 2883 1181 2968 τυχόν
1203 2881 1226 2973 ἢ
1248 2885 1301 2951 καὶ

199 3003 325 3068 πλείοσι
353 2999 510 3080 παίοντες,
541 2986 607 3064 εἷτα
635 2992 702 3081 ἅμα
726 2991 936 3080 παυσάμενοι,
966 2989 1009 3069 o‘r
1037 2992 1072 3061 ἐκ
1096 2989 1301 3081 συνθήματος

95 3111 96 3114 ’
200 3103 287 3186 ἅπαξ
320 3100 517 3191 α’νεμοίνοον.
552 3106 605 3171 καί
639 3103 702 3170 ἔστι
735 3101 880 3171 τοιοῦτον
909 3107 974 3188 παρ’
1001 3096 1214 3188 Ἀριστοφάνει
1241 3098 1300 3168 τό·

199 3213 330 3298 Αίρεσθ’
357 3264 363 3279 .
390 3263 397 3278 .
423 3228 455 3277 .·
481 3218 645 3295 τουτέστιν,
678 3206 885 3303 εόφημήσατε
907 3206 960 3276 τόν
983 3213 1073 3278 δεῖνα
1097 3204 1303 3296 ῥοθιόζοντες

200 3317 385 3393 ναντικός“.
439 3321 565 3403 Cetera,
596 3341 679 3404 quae
703 3343 722 3384 a
747 3321 905 3385 veteribus
930 3317 1023 3382 adh.
1048 3317 1069 3381 l.
1095 3326 1168 3380 sunt
1191 3317 1300 3398 allata,

200 3429 325 3493 minimo
353 3447 420 3492 rem
449 3429 616 3494 clariorem
645 3428 797 3512 reddunt;
828 3425 967 3491 difficilia
990 3424 1089 3488 verba
1113 3419 1165 3507 ἐφ’
1189 3421 1303 3490 ἕνδεκα

201 3532 324 3609 κώπαις
347 3555 366 3598 a
389 3535 476 3601 nullo
502 3535 580 3601 satis
605 3544 816 3619 exponuntur.
862 3533 1004 3597 Aliorum
1026 3531 1174 3612 virorum,
1200 3530 1300 3614 quiin

200 3646 260 3711 bac
293 3665 330 3710 re
363 3643 482 3708 versati
512 3648 600 3724 sunt,
631 3641 838 3706 casaubonus
867 3643 1028 3702 annotata
1048 3641 1302 3721 ,παραπέμπειν
1379 3675 1382 3690 ·

201 3759 251 3818 est
280 3750 448 3833 deducere,
479 3749 623 3816 eomitari
654 3749 791 3831 aliquem
814 3747 996 3826 abeuntem3
1026 3745 1152 3810 videtur
1176 3743 1300 3828 speeies

201 3859 373 3944 proverbii,
404 3857 490 3941 quod
517 3857 633 3922 dieitur
661 3876 680 3921 a
707 3860 821 3940 poeta:
857 3857 1088 3939 παραπέμπειν
1111 3850 1163 3936 ἐφ’
1187 3847 1302 3916 ἕνδεκα

201 3960 323 4039 κώπαις
356 3965 510 4050 prosequi
544 3963 681 4046 aliquem
708 3961 806 4026 remis
833 3960 990 4040 undecim,
1028 3958 1112 4042 quod
1141 3956 1303 4040 signifieat

202 4093 295 4158 quarn
322 4071 545 4137 honestissime
574 4069 720 4136 comitari
750 4068 886 4150 aliquem
909 4068 1087 4132 abeuntem.
1135 4061 1213 4130 Oum
1235 4083 1302 4128 res·
1333 4067 1337 4083 “

201 4181 330 4265 publiea
363 4179 515 4244 honorem
550 4177 646 4242 alicui
673 4176 795 4241 habere
823 4174 961 4255 volebat,
998 4192 1036 4239 eo
1065 4171 1237 4255 nauigante
1259 4171 1302 4236 iu-

201 4287 360 4352 bebantur
380 4283 536 4370 praeferri
559 4286 607 4349 rei
629 4283 775 4349 nauticae
798 4300 915 4366 magno
939 4285 1098 4366 apparatu
1121 4299 1192 4344 eum
1209 4277 1302 4344 eomi-
