3148 4984
644 565 865 630 ..31-

190 759 312 837 Semel
349 763 473 848 legitur
507 762 580 829 nori
614 755 719 845 πυχάν
752 761 826 846 Lys.
855 759 912 843 82,
948 760 1133 844 ceteroquin
1167 759 1261 826 litera
1296 783 1308 825 ι

193 865 332 938 eliditor
363 877 417 936 aut
452 878 526 934 ante
561 869 719 951 vocalem,
755 873 790 932 ut
825 867 898 952 Lys.
924 866 981 950 87',
1008 866 1093 932 1076
1129 869 1209 934 ποθ’
1235 861 1305 952 ὖμέ,

193 981 241 1045 ib.
268 979 312 1044 95
347 977 428 1044 ποθ’
465 969 542 1060 ἁμέ,
578 983 634 1041 aut
661 982 736 1040 ante
764 981 994 1040 consonantem
1015 999 1035 1040 τ
1056 973 1180 1040 articuli
1202 975 1249 1038 ita
1272 981 1307 1039 nt

201 1085 406 1174 praepositio
443 1089 477 1148 et
506 1083 657 1148 articulus
685 1083 769 1149 inter
797 1101 832 1148 se
856 1081 1096 1148 cohaerescant.
1144 1081 1234 1160 Quae
1257 1101 1308 1146 oo·

195 1201 335 1258 currunt
368 1191 450 1256 Ach.
476 1190 540 1253 732
573 1185 692 1257 ποντοίν
717 1217 746 1247 =
773 1186 854 1274 πρὸς
886 1185 961 1270 τόν,
998 1189 1039 1254 ci.
1063 1189 1106 1252 ib.
1132 1187 1206 1272 783,
1231 1187 1305 1272 Lys.

195 1299 300 1365 1006.
348 1298 427 1362 Ach.
453 1293 515 1360 751
552 1291 663 1378 ποντό,
700 1295 941 1382 cf.Lys.117.
988 1297 1062 1380 Lys.
1089 1294 1174 1360 1253
1198 1291 1306 1362 ποινά.

192 1409 244 1473 ib.
271 1404 359 1469 1264
381 1399 508 1478 nmis.
556 1405 669 1468 Mirum
693 1412 758 1488 est,
788 1425 845 1470 cur
874 1406 1056 1470 accusativo
1080 1411 1203 1470 tantum
1225 1403 1308 1469 hanc

198 1513 379 1601 particulae
395 1513 528 1579 formam
544 1520 643 1597 pocta
659 1513 841 1597 coniungat.
858 1547 900 1558 —
918 1512 965 1578 Ut
985 1512 1027 1576 ad
1043 1511 1306 1595 significationem

197 1619 449 1708 praepositionis
477 1626 693 1700 transeamus,
718 1621 758 1684 de
787 1638 825 1684 eo
849 1621 983 1704 primum
1006 1639 1065 1684 usu
1089 1638 1237 1702 agamus,
1266 1638 1307 1682 ex

197 1751 263 1814 quo
287 1723 369 1811 πρός
392 1726 500 1791 verbis
525 1727 669 1808 additur,
695 1729 807 1811 quibus
830 1727 979 1793 movendi
1000 1727 1089 1792 notio
1112 1728 1205 1791 inest.
1253 1725 1308 1792 Sic

196 1835 290 1901 loeus
314 1834 513 1918 exprimitur,
537 1834 578 1897 ad
602 1855 695 1917 quem
718 1853 828 1900 versus
852 1833 970 1917 aliquid
994 1840 1148 1899 movetur.
1191 1833 1305 1898 Verba

205 1943 299 2008 eundi
335 1942 465 2023 aliaque
505 1942 657 2006 eiusmodi
696 1949 825 2006 exstant
862 1941 968 2007 haecz.
1002 1942 1084 2008 ἴέναι
1118 1941 1193 2026 Lys.
1229 1939 1306 2004 690.

206 2050 254 2115 ΡΙ.
279 2047 356 2130 659,
381 2047 456 2112 823.
481 2052 650 2134 προσιέναι
672 2048 747 2132 Lys.
772 2048 846 2129 214,
872 2046 947 2114 215.
975 2049 1035 2115 Th.
1060 2048 1135 2113 933.
1160 2051 1307 2133 προϊέναι

203 2157 259 2222 Th.
284 2155 337 2220 69.
364 2151 520 2240 ἔρχεσθαι
547 2158 607 2221 Αν.
632 2155 708 2222 411.
736 2156 810 2240 Lys.
839 2156 911 2222 117.
939 2157 1031 2222 056.
1055 2155 1131 2220 497.
1155 2156 1204 2220 ΡΙ.
1229 2153 1306 2220 844.

201 2267 443 2348 προσέρχεσθαι
473 2264 532 2327 Av.
565 2262 662 2327 1212.
693 2263 742 2328 ΡΙ.
767 2262 848 2345 928,
886 2262 981 2328 1169.
1017 2257 1216 2346 ἀνέρχεσθαι
1243 2264 1304 2330 Ar.

207 2371 303 2454 1563.
338 2379 455 2456 χωρεῖν
482 2369 557 2433 Pac.
583 2367 659 2434 555.
700 2371 758 2433 Δν.
784 2369 859 2434 216.
892 2370 974 2434 Ran.
1001 2369 1076 2436 882.
1122 2363 1307 2453 ὑποχωρεῖν

207 2477 283 2542 Pac.
312 2475 382 2543 507.
416 2471 506 2564 ἥκειν
542 2476 590 2542 ΡΙ.
621 2475 702 2556 827,
740 2475 816 2540 840.
854 2474 936 2544 ίκειν
970 2476 1044 2561 Lys.
1075 2476 1127 2544 87.
1162 2479 1305 2564 βαδίζειν

208 2581 270 2666 qu.
296 2582 388 2647 1217.
410 2586 470 2649 Av.
495 2583 569 2648 837.
592 2583 666 2668 Lys.
693 2583 789 2646 1212.
814 2583 889 2668 Frg.
916 2584 968 2666 78,
993 2583 1070 2651 445.
1094 2588 1306 2672 παραβαίνειν

204 2690 288 2755 Ach.
315 2688 385 2754 629.
423 2692 499 2756 Pac.
531 2688 604 2755 735.
641 2685 828 2776 ἀναβαίνειν
861 2691 921 2774 Eq.
950 2689 1015 2756 508
1051 2689 1107 2774 (ci.
1130 2694 1210 2758 Ach.
1241 2693 1305 2758 732

202 2791 322 2882 ἄμβατε
356 2793 474 2864 ποιτθν
507 2792 660 2883 fatidico).
698 2800 812 2882 μολεῖν
843 2799 919 2883 Lys.
952 2798 1046 2864 1264.
1082 2793 1306 2885 ε’ξαυιομολεῖν
1405 2807 1408 2815 ’

200 2903 283 2968 Nub.
323 2904 418 2969 1104.
453 2910 529 2972 θεῖν
562 2906 621 2970 Th.
658 2904 734 2970 513.
770 2900 884 2972 ε’σθεῖν
919 2911 978 2970 Av.
1010 2905 1105 2973 1169.
1149 2902 1304 2977 σπεύδειν

201 3009 299 3098 Vesp.
341 3011 434 3078 1026.
470 3012 544 3097 Lys.
582 3013 657 3077 266.
709 3015 844 3093 στείχειν
884 3014 944 3077 Av.
984 3012 1078 3079 1398.
1114 3009 1304 3098 ἐπείγεσθαι

206 3117 289 3184 ΙΙααΙ.
318 3119 414 3182 1149.
450 3114 661 3204 ἀφικνεῖσθαι
684 3123 745 3185 Αν.
772 3118 845 3184 120.
882 3120 940 3184 Th.
968 3119 1040 3184 180.
1076 3121 1124 3188 ΡΙ.
1150 3119 1225 3198 653.
1251 3127 1304 3190 πέ

200 3230 314 3291 ιεσθαι
349 3227 410 3292 Av.
439 3227 518 3308 242,
557 3227 651 3291 1230.
687 3222 906 3294 ἄναπένεσθαι
942 3224 997 3308 (cf.
1022 3226 1098 3312 Frg.
1122 3227 1189 3294 500
1223 3227 1305 3314 πρὸς

199 3327 319 3416 ἄνδρας
341 3327 548 3422 ε’κπειήσιμοί
570 3331 662 3418 εἰσιν)
698 3335 758 3400 Αν.
785 3335 880 3400 1372.
912 3337 1098 3404 ναυστολεῖν
1120 3339 1178 3403 Th.
1208 3339 1302 3404 1101.

198 3442 458 3508 συνακολουθεῖν
493 3441 674 3506 8611400.
709 3445 923 3527 προσπίπτειν
956 3443 1016 3527 Eq.
1041 3445 1093 3510 31.
1124 3449 1304 3531 τρέπεσθαι

197 3547 259 3629 Eq.
286 3546 338 3612 72.
364 3550 424 3612 Αν.
451 3547 525 3614 717.
549 3551 625 3634 Lys.
653 3549 747 3614 1137.
772 3553 970 3635 στρέφεσθαι
997 3554 1056 3620 Th.
1083 3553 1178 3619 1128.
1213 3578 1303 3637 μετα·

200 3658 399 3738 στρέφεσθαι
434 3657 515 3722 Itan.
541 3656 616 3722 539.
654 3653 768 3723 έαυνόν
795 3660 1035 3742 μετακυλινδεῖν
1073 3661 1155 3726 Ren.
1185 3658 1302 3745 5366)

265 3864 295 3933 *J
324 3866 445 3922 Verbum
472 3868 598 3923 movendi
623 3870 705 3924 stiam
733 3874 850 3942 apparet
872 3873 899 3926 in
924 3873 1042 3927 dictione
1060 3872 1132 3926 Ach.
1153 3871 1222 3925 1092
1240 3873 1303 3926 κλᾶε

195 3955 266 4024 πρός
294 3957 342 4008 τοῦ
369 3956 505 4013 Πιττάλου.
542 3959 635 4014 Elmsl.
662 3959 748 4014 edidit
770 3960 833 4012 κλᾶε
856 3963 924 4032 πρός
942 3963 1002 4020 τούς
1020 3960 1157 4025 Πιττάλου,
1176 3963 1240 4016 item
1259 3965 1304 4018 In-

195 4060 279 4110 vern,
299 4045 389 4112 Diod,
409 4047 495 4101 Bekk.
527 4047 581 4102 Sed
600 4048 653 4102 iam
671 4049 768 4103 Snidas
787 4051 923 4105 moliorem
943 4050 1048 4104 articuli
1067 4050 1177 4104 formam
1191 4054 1304 4122 praebet

195 4131 252 4196 τοῦ,
271 4150 434 4206 quamquam
453 4139 536 4192 verbo
555 4143 665 4193 mutato.
703 4139 774 4193 Nam
799 4142 826 4194 in
845 4139 987 4198 Σπίπαλος
1008 4141 1087 4194 haec:
1114 4137 1221 4211 ,ἰατρός
1239 4145 1302 4214 παρ’

194 4219 344 4284 Ἀθηναίοις
371 4223 481 4297 δόκιμος
499 4266 506 4279 .
524 4225 722 4298 Ἀριστοφάνης·
749 4227 850 4281 ἄπελθε
876 4230 945 4299 πρός
971 4229 1018 4280 τοῦ
1039 4228 1211 4284 Σπιττιίλουίῑ.
1247 4233 1303 4288 Pro

201 4311 303 4364 ἄπελθε
334 4316 433 4384 iegitur
458 4317 532 4381 κλᾶε,
560 4319 607 4372 666
636 4319 686 4373 hac
714 4337 780 4374 voce
808 4319 874 4374 nihil
902 4319 975 4373 alind
993 4321 1155 4391 ¹exprimitur
1172 4321 1224 4375 nisi
1244 4323 1307 4390 ,abi
