3148 4984
717 496 937 562 ..34-

277 689 381 758 εεεο“.
427 689 491 756 Sed
513 691 594 756 haee
616 692 717 757 minus
740 691 885 777 placent;
922 690 1125 756 scribendum
1149 696 1225 777 puto
1249 684 1377 782 φάληνα

277 795 333 883 (ef.
356 799 430 883 Lys.
456 797 519 863 771
533 833 576 844 -
592 793 699 888 μάλης
713 798 796 863 idem
813 803 863 862 est
881 797 966 881 quod
982 792 1106 882 φαλλός
1121 798 1140 861 1.
1159 817 1185 862 e.
1203 800 1376 864 membrum

277 904 367 971 virile
382 901 439 991 -)
455 906 508 970 vel
524 899 683 991 φαλλικόν
700 903 809 988 (quod,
828 924 872 970 se.
888 905 994 990 με’λος,
1013 905 1168 970 canticum
1186 908 1282 971 estin
1297 906 1376 971 Bae·

277 1014 328 1080 ehi
361 1014 513 1080 honorem
542 1015 574 1078 in
604 1014 656 1078 dei
681 1011 791 1093 saeris,
828 1013 880 1076 ubi
904 1011 1003 1097 phalli
1028 1010 1152 1096 effigies
1177 1014 1374 1096 gestabatur,

276 1121 317 1186 ef.
353 1120 433 1186 Aah.
464 1120 527 1185 261
557 1115 676 1208 ᾄσομαι
704 1115 740 1186 τό
768 1114 956 1205 φαλλικόν).·
991 1118 1049 1184 sed
1068 1112 1176 1184 'utrum
1199 1119 1310 1185 melius
1336 1121 1377 1185 sit

276 1227 396 1293 nereio.
421 1259 465 1272 —-
488 1227 594 1291 Venio
618 1227 659 1291 ad
682 1226 876 1291 locutionem
897 1224 1081 1311 ἐρείδεσθαι
1104 1224 1182 1300 ἔπος
1205 1223 1286 1310 πρὸς
1300 1224 1377 1300 ἔπος

275 1333 359 1399 Nub.
387 1332 480 1397 1375.
528 1334 624 1399 Cuius
648 1333 711 1398 looi
733 1335 852 1399 mentio
875 1333 911 1398 fit
935 1332 1018 1418 apud
1045 1331 1173 1398 Suidam
1198 1355 1223 1398 s.
1240 1329 1377 1408 mitreus

276 1437 356 1527 πρὸς
379 1438 467 1522 ἔπος,
491 1441 544 1524 qui
561 1460 669 1504 veram
685 1442 854 1505 lectionem
871 1433 1079 1528 ἠρειδόμεσθ’
1098 1437 1248 1526 praebet}
1273 1435 1375 1528 η’ριζό·

275 1551 372 1632 μεσθ’
410 1555 491 1613 enim
524 1549 557 1612 in
591 1533 783 1613 editionibus
812 1548 950 1630 vulgatis
973 1548 1106 1630 legitur,
1137 1548 1222 1631 quod
1245 1549 1377 1612 verbnm
1425 1558 1430 1564 '

278 1653 428 1719 Kuester.
446 1654 597 1720 scholium
614 1661 647 1719 et
661 1655 956 1740 interpretationem
973 1655 1143 1738 existimat,
1163 1675 1243 1738 quae
1260 1663 1377 1740 postea

278 1781 320 1826 ex
341 1763 486 1844 margine
509 1762 677 1846 irrepserit
699 1763 730 1826 in
755 1767 886 1826 tentum.
931 1761 980 1825 De
1004 1762 1104 1826 verbo
1120 1761 1255 1846 ἐρείδειν
1271 1761 1375 1828 Schol.

278 1870 320 1934 ad
342 1870 418 1934 Pae.
444 1868 499 1934 25:
537 1866 692 1952 ,ἐρείδειν
719 1867 819 1953 φασὶν
847 1869 878 1932 οἱ
905 1861 1027 1934 iteraret
1050 1867 1115 1934 πᾶν
1139 1863 1245 1938 ὁτιοῦν
1269 1865 1375 1937 συντό-

276 2000 344 2062 μως
376 1970 592 2059 γιγνόμενον.
617 1970 640 2062 ἦ
667 1972 704 2041 δὲ
731 1969 898 2060 μεταφορὰ
926 1969 990 2041 α’πὸ
1017 1975 1079 2041 ταῖν
1105 1971 1296 2061 ἐρεσσόνταιν
1324 1977 1377 2042 καὶ

277 2083 531 2168 ἐπερειδομένων
553 2089 620 2155 ταῖς
634 2075 790 2156 καίπαιςίί.
837 2081 943 2159 Quare
958 2084 1041 2146 bene
1058 2084 1186 2148 lineet:
1221 2082 1374 2167 „deridere

278 2199 311 2256 et
345 2190 529 2278 ἐρείδεσθαι
563 2211 680 2273 magno
713 2191 785 2254 nisu
819 2191 964 2254 certatim
992 2197 1025 2254 et
1053 2210 1121 2256 oum
1147 2191 1283 2273 quadam
1306 2210 1378 2255 eon-

277 2301 419 2366 tentione
448 2298 568 2382 aliquid
595 2295 738 2380 faeere“,
774 2299 904 2384 proprie
937 2297 1142 2380 „incumbere
1172 2299 1266 2362 alicui
1294 2295 1377 2362 rei“.

277 2407 371 2471 Haeo
394 2427 456 2470 vox
478 2425 537 2490 per
559 2407 779 2490 metaphoram
803 2427 821 2469 a
845 2406 1019 2489 remigibus
1046 2414 1181 2490 sumpta.
1208 2407 1259 2489 qui
1282 2406 1377 2470 remis

278 2534 394 2594 magna
428 2513 541 2576 virium
576 2514 778 2578 contentione
813 2514 1003 2591 incumbunt,
1041 2515 1130 2577 vario
1167 2534 1263 2586 sensu
1294 2514 1378 2580 haud

278 2639 353 2683 raro
378 2640 397 2681 a
420 2625 517 2702 poeta
540 2627 719 2703 usurpatur.
777 2617 841 2683 Sic.
866 2619 941 2683 Pae.
968 2619 1009 2681 31
1034 2617 1170 2703 ἐρείδειν
1194 2623 1310 2685 dieitur
1337 2647 1383 2690 =.

279 2726 393 2809 „avide
440 2723 632 2808 devorare“;
685 2725 766 2788 Rau.
806 2723 872 2788 914
910 2725 1022 2789 eodem
1061 2726 1129 2790 fere
1169 2746 1272 2810 seusu,
1315 2750 1376 2812 quo

276 2835 343 2898 hie:
382 2827 401 2899 ὁ
436 2829 473 2898 δὲ
506 2825 603 2916 χορός
636 2833 662 2914 γ’
699 2827 827 2918 ἤρειδεν
862 2827 1029 2916 ὁρμαθοὺς
1057 2826 1097 2898 ἂν
1128 2831 1235 2915 μελῶν
1263 2833 1377 2924 ἐφεξῆς

278 2945 423 3027 ιε’νναρας
441 2991 448 3006 .
467 2991 474 3006 .
494 2987 527 3004 ..
552 2974 595 2984 -
620 2939 769 3021 „ordines
793 2947 943 3022 quattuor
966 2957 1112 3004 versuum
1129 2942 1318 3008 oeoiuisset“
1336 2979 1378 2988 -··

279 3055 313 3113 et
347 3047 491 3112 similiter
525 3047 582 3130 Eq.
612 3046 676 3111 627
711 3067 769 3130 pro
806 3047 933 3127 „invehi
961 3048 993 3110 in
1022 3047 1192 3132 aliquem“,
1229 3049 1293 3113 628
1317 3071 1376 3134 pro

278 3154 454 3236 „eiaculari
488 3154 607 3237 aliquid
634 3155 655 3219 i.
680 3175 707 3218 e.
737 3153 869 3220 verba“.
929 3156 1084 3220 Addimus
1112 3155 1198 3221 Eool.
1225 3155 1299 3238 616,
1324 3156 1377 3219 ubi

278 3259 414 3347 ἐρείδειν
450 3261 548 3326 Arist.
584 3263 662 3327 dicit
694 3281 752 3345 pro
780 3269 889 3347 βινεῖν.
949 3263 983 3328 si
1012 3263 1093 3328 haee
1121 3264 1224 3328 omnia
1253 3268 1376 3347 reputa·

277 3369 424 3449 verimus,
452 3367 647 3433 locutionem
670 3369 751 3434 hano
776 3367 853 3444 ἐντος
875 3365 956 3456 πρὸς
979 3368 1057 3444 ἔπος
1080 3369 1264 3456 ἐρείδεσθαι
1287 3377 1377 3436 reete

278 3474 463 3541 vertendam
496 3494 568 3539 esse
604 3479 731 3557 „verbis
764 3475 980 3544 contendere“
1017 3479 1160 3563 (proprie
1194 3477 1309 3562 „Wort
1336 3497 1373 3538 an

279 3582 375 3648 Wort
395 3577 573 3666 dr'a'ungen“)
596 3585 673 3646 satis
694 3587 871 3670 apparebit.
897 3620 939 3630 —
963 3585 1043 3650 Aah.
1062 3584 1125 3649 659
1141 3587 1274 3669 legimus
1296 3575 1375 3664 πρός

279 3689 375 3756 ταῦτα
397 3690 510 3756 Κλέων
532 3688 585 3753 καὶ
608 3685 826 3772 παλαμάσθω,
852 3713 934 3775 quae
958 3694 1055 3757 verba
1079 3713 1119 3756 ex
1141 3693 1293 3778 Euripide
1308 3709 1377 3754 oum

280 3799 484 3881 sequentibus
511 3795 656 3860 versibus
684 3797 824 3881 repetita
851 3798 896 3862 ibi
926 3799 973 3863 sic
1003 3805 1145 3863 exstant:
1181 3797 1261 3880 πρὸς
1282 3795 1377 3863 ταῦθ’

281 3899 328 3971 ὅτι
351 3901 413 3990 χρὴ
437 3904 491 3970 καὶ
513 3896 719 3985 παλαμάσθω
726 3929 738 3983 ,·
761 3903 801 3966 ef.
826 3901 911 3967 Suid.
937 3924 962 3966 s.
979 3925 1010 3964 u.
1027 3901 1251 3986 παλαμᾶσθαι.
1297 3903 1378 3978 Quo·

280 4033 349 4076 rum
382 4012 462 4076 haee
497 4019 546 4076 est
574 4011 719 4096 parodia‚
755 4029 855 4092 quare
884 4009 1028 4072 lectionis
1057 4009 1226 4071 diversitas
1256 4014 1289 4071 et
1316 4008 1379 4074 hoe

283 4138 380 4184 versu
428 4126 461 4183 et
505 4118 745 4212 insequentibus
786 4118 863 4182 satis
904 4121 1083 4180 excusatur.
1153 4113 1379 4200 Comparamus

283 4223 380 4311 Soph.
404 4227 455 4290 Αἰ.
480 4225 560 4292 971:
