3148 4984
699 549 921 614 -ω,

775 817 849 896 §l

743 936 887 1029 α’μφί.

350 1087 555 1173 Praepositio
593 1081 679 1173 ἀμφί
719 1083 894 1171 (Kuehner.
934 1087 976 1169 Il,
1013 1085 1078 1152 289
1103 1107 1172 1173 sqq.
1209 1069 1362 1156 Schmidt.

263 1193 306 1258 36
317 1190 403 1278 sqq.)
432 1196 518 1279 apud
545 1196 646 1260 Arist.
675 1196 838 1260 rarissima
867 1201 927 1261 est.
985 1195 1040 1262 Bis
1070 1218 1139 1262 oum
1163 1197 1282 1280 dativo,
1311 1204 1363 1262 ter

262 1321 332 1368 oum
357 1303 551 1385 accusativo,
580 1323 734 1386 nusquam
758 1323 826 1366 oum
850 1305 999 1386 genetivo
1023 1304 1173 1390 copulata
1197 1311 1256 1371 est.
1313 1305 1362 1368 Ex

261 1429 310 1491 eo,
340 1409 424 1492 quod
454 1416 569 1492 quater
598 1409 630 1474 in
654 1411 762 1492 choro,
799 1411 852 1474 ubi
874 1412 976 1476 maior
999 1411 1125 1476 dicendi
1148 1412 1278 1477 licentia
1302 1419 1361 1494 est,
1431 1461 1432 1466 η

261 1517 388 1600 legitur,
426 1518 572 1582 concludi
607 1525 724 1602 potest,
760 1519 1033 1604 praepositionem
1067 1513 1153 1604 α’μφί
1183 1539 1202 1582 a
1230 1519 1361 1604 proprio

259 1644 405 1690 sermone
428 1626 667 1709 Aristophaneo
691 1627 791 1690 fuisso
815 1627 960 1690 alienam.

267 1817 270 1823 Ι
349 1732 499 1814 Ingenita
522 1732 738 1798 circumdandi
761 1734 821 1814 uis,
846 1756 940 1816 quam
962 1732 1121 1819 particula
1140 1753 1211 1798 cum
1226 1741 1362 1817 utroque

261 1860 339 1904 casu
372 1846 558 1904 constructa
591 1841 676 1925 apud
704 1840 788 1904 hunc
818 1849 945 1925 poetam
974 1847 1071 1923 tenet,
1107 1861 1170 1907 non
1197 1841 1362 1925 discrepat

260 1967 329 2012 cum
352 1946 584 2029 significatione
600 1948 851 2031 praepositionis
865 1951 941 2035 περί
947 1972 955 2032 3
980 1969 1134 2031 nusquam
1150 1949 1231 2012 hanc
1247 1947 1360 2033 prima-

261 2056 343 2120 riam
365 2055 526 2120 notionem
546 2055 704 2137 particula
719 2056 844 2119 transit.
883 2056 986 2120 Locos
1001 2056 1098 2139 igitur
1114 2074 1359 2121 commemorare

258 2163 368 2228 liceat:
404 2160 487 2226 Nub.
516 2159 581 2225 595
609 2156 696 2246 ἀμφί
721 2185 778 2244 μοι
807 2143 890 2245 udas,
926 2161 1019 2248 Φοῖβ’
1044 2158 1124 2242 ἄναξ
1143 2155 1250 2246 Δήλιε.
1297 2159 1356 2222 Th.

259 2269 323 2334 995
352 2264 436 2354 ἀμφὶ
461 2266 498 2335 δὲ
522 2269 572 2336 σοὶ
595 2277 755 2335 κτυπεῖται
771 2265 991 2357 Κιθαιρώνιος
1006 2264 1085 2357 ἤχοῖ.
1111 2305 1152 2316 -
1175 2267 1252 2332 Aah.
1271 2263 1355 2328 1072

256 2380 302 2450 τίς
329 2371 414 2462 α’μφὶ
441 2370 675 2461 χαλκοφάλαρα
706 2372 835 2461 δώματα
858 2388 970 2445 κτυπεῖ
975 2375 1024 2463 3³4)
1049 2380 1123 2464 Lys.
1151 2373 1231 2441 1257
1258 2367 1358 2444 notor

258 2487 286 2551 δ’
318 2478 402 2568 ἀμφὶ
432 2479 487 2558 τοὶς
515 2488 629 2567 γένυας
651 2479 757 2570 α’ςορὸς
779 2482 877 2572 ἤνσει.
924 2489 1004 2552 Run.
1030 2484 1094 2550 215
1119 2479 1203 2568 duci
1228 2475 1385 2567 Ntop'tou'

256 2587 331 2664 Διὸς
354 2586 510 2658 Διόνυσον
533 2589 567 2657 ἐν
589 2595 730 2675 Λίμναις
754 2589 942 2682 ἲαχήσαμεν.

328 2842 355 2909 l)
383 2842 445 2895 Hoc
473 2840 544 2905 loco,
576 2840 622 2910 qui
648 2855 716 2892 unus
744 2854 796 2890 non
823 2840 912 2890 exstat
940 2838 969 2888 iu
996 2834 1089 2895 choro,
1118 2829 1199 2884 Both.
1229 2827 1362 2882 librorum
1425 2871 1435 2881 .

256 2933 398 2988 lectionem
426 2932 539 3001 praebet
568 2925 842 3000 α’μφιχοικοφοέλαρα
870 2930 898 2980 ot
923 2926 952 2978 iu
976 2927 1040 2978 uota
1068 2922 1148 2984 dicit,
1176 2917 1284 2988 propria
1308 2914 1361 2968 La·

256 3023 379 3076 maehum
412 3021 553 3074 dicendum
581 3021 663 3074 luisse
692 3013 993 3088 ἀμφιχαλκοφοίλαροκ;
1025 3015 1147 3083 sequitur
1181 3009 1361 3074 Scholiastsn,

257 3113 304 3181 qui
332 3111 410 3166 dicit:
438 3108 516 3174 „rival
544 3110 591 3162 τοῦ
618 3107 781 3176 πολύχαλκα·
809 3103 1006 3176 τραγικώτερον
1030 3099 1058 3155 δὲ
1076 3099 1145 3172 λέγει
1165 3099 1208 3153 (lud
1228 3101 1256 3152 τὸ
1275 3116 1360 3170 μεγα-

256 3201 395 3271 λορρῆμον
437 3202 483 3253 τοῦ
523 3199 686 3271 Λαμιὶχοοῐί.
750 3197 805 3252 Sed
845 3201 918 3250 recte
959 3194 1112 3248 emendavit
1148 3192 1247 3246 Bake:
1288 3188 1364 3261 α’μφὶ

256 3290 460 3361 χαλκοφάλαρα,
484 3320 516 3329 -

705 3451 917 3460 ...Μ-α

348 3633 493 3697 Alteram
538 3631 773 3696 dissertationis
813 3649 904 3695 meae
943 3632 1082 3716 partem,
1121 3646 1202 3710 quac
1238 3630 1288 3690 est
1324 3625 1364 3688 dc

256 3739 532 3825 praepositionum
560 3738 771 3804 collocatione
807 3746 840 3803 ot
869 3738 909 3801 de
938 3735 1099 3802 vocabulis
1125 3754 1195 3798 cum
1217 3731 1258 3795 iis
1283 3749 1363 3796 oom-

257 3848 383 3934 positis,
409 3868 505 3930 quam
528 3846 663 3932 primum
685 3843 718 3906 in
741 3845 903 3927 publicum
929 3844 1086 3908 edendam
1110 3841 1240 3906 curabo.

704 4124 917 4136 .........,----
