3148 4984
626 540 845 605 ..47-

270 735 380 817 Vulgo
402 734 537 820 legitur:

448 841 512 908 τῶν
535 836 646 909 ὅπλων
669 839 757 916 ἐντός
780 839 867 927 παρὰ
891 837 949 930 νῆν
970 838 1032 925 xri.

449 972 526 1032 τραν
549 944 649 1034 ἄκραν
672 943 775 1036 αιίνὴν
798 945 944 1036 ὁρῶντας.

273 1051 337 1119 Sed
373 1075 443 1120 enm
477 1056 594 1139 prioris
623 1076 733 1122 versus
765 1039 948 1142 corruptum
977 1057 1122 1124 videatur
1144 1065 1288 1141 metrum,

183 1163 269 1245 quod
287 1163 394 1250 ,tertio
425 1161 499 1228 loeo
524 1163 669 1247 dactylus
694 1168 802 1229 exstat
824 1186 883 1249 pro
912 1164 1013 1230 trooh.
1041 1165 1093 1229 101
1124 1166 1287 1248 tribraob,

178 1269 323 1333 Brunok.
347 1269 394 1332 ita
418 1270 614 1334 emendavit:
1021 1278 1024 1284 '

477 1374 540 1442 τῶν
564 1371 674 1442 ὅπλων
696 1373 784 1451 ἐντός
806 1373 881 1462 παρ’
905 1372 1004 1464 αὐτὴν

476 1479 534 1570 τήν
557 1478 685 1568 χύτραν,
711 1481 812 1570 ἄκραν
836 1481 983 1569 ὁρῶντας.

272 1589 365 1653 Haeo
389 1590 485 1654 etiam
508 1591 710 1656 inveniuntur
732 1594 765 1655 iu
788 1592 859 1656 ood.
885 1592 924 1655 A.
973 1591 1027 1657 Sie
1048 1591 1142 1658 Both.
1161 1612 1288 1675 quoque

180 1698 313 1783 scripsit
347 1698 521 1780 eodemque
555 1699 650 1763 modo
686 1699 837 1782 distinxit,
867 1707 903 1766 ut
937 1700 1066 1764 verbum
1102 1709 1290 1784 περιπατεῖν

182 1804 270 1889 quod
295 1805 465 1889 praeeedit
489 1824 558 1870 eum
581 1807 822 1889 praepositione
838 1813 1047 1872 construeret.
1086 1806 1176 1872 Dieit
1191 1808 1287 1871 enim:

184 1907 308 1996 ,ἄκραν
332 1906 472 1996 ὁρῶντας
495 1932 644 1977 summam
668 1914 771 1992 ollam,
797 1934 879 1998 quae
894 1914 959 1978 illis
975 1934 1034 1998 pro
1051 1913 1154 1997 olipeo
1172 1921 1222 1980 001
1238 1963 1246 1980 .
1264 1937 1288 1998 .;
1349 1965 1351 1968 .

186 2021 280 2084 ollam
311 2025 345 2086 et
375 2021 498 2084 catinos
526 2040 637 2085 rursus
660 2020 778 2104 deponi
800 2021 889 2086 iubet
913 2023 1054 2087 01111110
1076 2023 1157 2086 haee
1181 2028 1289 2086 eastra

188 2126 343 2192 ambulari
379 2146 449 2190 oum
474 2127 612 2192 verubus
636 2127 678 2192 ad
700 2127 804 2211 ipsam
828 2127 956 2193 ollam“.
1020 2128 1178 2194 Admovet
1201 2128 1289 2192 hisee

183 2235 294 2320 Eurip.
319 2234 440 2298 Phoeu.
465 2232 550 2298 1386
574 2228 643 2300 ἀλλ’
669 2215 706 2299 εὖ
729 2232 892 2321 προσῆγον
908 2230 1054 2301 ἀσπίδων
1068 2229 1290 2319 κεγχρώμασιν

186 2334 373 2425 ὀφθαλμόν.
421 2341 515 2406 Hane
538 2341 826 2426 interpunctionem
850 2363 913 2406 11011
936 2343 1048 2427 probe,
1074 2343 1132 2408 sed
1154 2341 1290 2422 Bergkii

190 2457 225 2512 et
258 2449 386 2514 aliorum
419 2448 590 2512 lectionem
624 2449 788 2533 praefer03
825 2469 959 2532 namque
990 2469 1102 2514 sensus
1127 2457 1189 2514 est:
1227 2449 1289 2528 „ad

196 2555 297 2638 ipsam
328 2556 423 2622 ollam
458 2562 633 2619 extremam
667 2556 878 2640 respicientes
911 2575 928 2620 e
961 2555 1159 2640 propiuqno“
1194 2557 1225 2621 11.
1260 2575 1288 2620 0.
1327 2589 1333 2606 1

194 2662 257 2742 „ad
286 2669 454 2728 extremam
478 2661 572 2726 ollam
596 2683 699 2748 prope
722 2665 934 2728 observantes
957 2665 1078 2743 hostes,
1107 2683 1148 2728 110
1172 2664 1212 2727 de
1236 2663 1289 2727 im·

187 2769 317 2852 proviso
343 2769 589 2856 opprimamur“.
645 2771 798 2834 Extrema
821 2771 903 2836 euim
928 2771 992 2836 olla
1015 2779 1066 2836 est
1088 2771 1290 2854 respioienda

186 2897 226 2942 ea
243 2877 282 2941 de
306 2898 412 2958 eausa,
438 2877 523 2961 quod
546 2877 609 2942 isto
626 2878 698 2945 loeo
715 2879 825 2942 hostes
848 2898 1013 2961 emergere
1032 2884 1168 2961 possunt
1183 2878 1289 2960 ibique

183 2985 321 3068 primum
348 2991 522 3068 apparent,
553 2992 586 3048 et
609 3006 671 3068 quo
695 2986 807 3050 melius
832 2987 940 3050 1100100
964 2985 1193 3067 aggredientes
1218 3003 1288 3049 oon-

184 3091 312 3175 spioere
347 3098 381 3155 et
414 3093 456 3154 ab
484 3092 523 3155 iis
552 3111 622 3158 0000
647 3093 772 3175 possint
795 3092 979 3172 defendere,
1015 3085 1105 3173 ἐγγύς
1128 3092 1148 3154 i.
1174 3086 1290 3156 estnon

184 3199 283 3281 longe
307 3199 348 3262 ab
372 3198 438 3262 olla
460 3199 592 3262 remotis
616 3200 792 3282 marginem
817 3197 890 3262 valli
914 3195 1045 3261 huiusce
1060 3198 1099 3264 iis
1114 3199 1289 3282 respicien-

186 3307 261 3371 dum
296 3324 369 3370 esse
402 3305 505 3370 Peith.
535 3304 620 3370 dioit.
680 3307 715 3370 Si
745 3307 805 3370 hoo
828 3304 922 3370 modo
946 3307 1203 3389 interpretamur,
1228 3307 1290 3372 loci

186 3412 400 3494 difficultates,
426 3432 505 3494 quas
528 3412 632 3477 Koek.
656 3412 705 3476 his
729 3412 875 3477 versibus
901 3412 1007 3475 inesse
1023 3419 1124 3496 putat,
1148 3423 1291 3478 remotae

186 3519 345 3584 videntur.
395 3519 501 3584 Aliter
530 3520 610 3584 haee
635 3519 740 3586 Sehol.
765 3520 898 3603 aceepit,
925 3520 978 3602 qni
1003 3520 1082 3586 dieit
1104 3521 1146 3585 ad
1169 3540 1198 3584 r.
1225 3519 1289 3584 388

187 3647 251 3709 sq.:
285 3675 308 3706 „
333 3673 341 3692 .
367 3677 375 3691 .
398 3625 452 3692 καὶ
485 3622 539 3692 adr
574 3620 720 3712 ὀβείίκον
754 3623 802 3706 δὲ,
838 3628 947 3717 φησίν,
983 3620 1066 3702 ὅστις
1088 3625 1172 3694 arata
1195 3621 1286 3712 ἡμῶν

187 3727 279 3817 δόρυ,
309 3728 396 3808 ἒννός
418 3731 479 3799 τῶν
504 3728 612 3799 ὅπλων
635 3730 697 3820 χρὴ
721 3729 837 3801 λοιπὸν
860 3731 955 3816 ἔχειν.
979 3735 1063 3818 λέγει
1087 3731 1123 3800 δὲ
1146 3728 1213 3800 duri
1236 3731 1292 3800 τοῦ

187 3837 251 3906 anio
278 3839 410 3926 χννραῖν.
440 3839 519 3913 ἔθος
546 3837 583 3906 δὲ
612 3828 702 3923 εἶχαν
728 3839 788 3908 ἔσω
812 3840 875 3908 τῶν
898 3835 1045 3908 ἀσπίδων
1068 3839 1155 3922 ἔχειν
1177 3836 1214 3906 ναὶ
1239 3835 1289 3906 do'·

189 3946 303 4031 ρατα.“
363 3949 470 4030 Atque
507 3948 604 4013 etiam
638 3949 777 4035 ineptius
806 3948 847 4012 ad
876 3969 904 4012 v.
931 3947 995 4011 390
1019 3967 1082 4029 sq.:
1118 3950 1292 4037 ,κέχρηται

188 4051 227 4142 νῇ
253 4056 337 4134 tea
361 4050 429 4122 cirri
455 4053 517 4120 τῶν
545 4057 688 4139 ἱματίων,
719 4052 834 4123 daunai
865 4043 944 4146 εἶπε,
968 4053 1021 4118 καὶ
1045 4050 1131 4134 ἔχειν
1153 4050 1187 4120 ab
1211 4047 1290 4139 δόρυ

189 4159 278 4247 παρά
305 4157 363 4250 τὴν
391 4156 513 4230 ἀσπίδα
530 4180 538 4194 ·
555 4159 636 4230 οὕτω
665 4160 723 4249 γάρ
752 4159 902 4230 ποιοῦσιν
929 4161 960 4227 οἱ
983 4159 1142 4243 πολέμιοι,
1166 4157 1223 4227 aot]
1245 4157 1290 4248 μή

191 4263 347 4350 ἐξόπλοας
370 4258 464 4353 εἶναι,
489 4265 571 4338 α’ίία
594 4267 863 4340 καθωπίίσθαίῖ
902 4269 1052 4336 Ceterum
1078 4289 1140 4336 nou
1166 4268 1292 4335 dubium
