3148 4984
631 536 853 604 „23-

178 741 213 803 et
240 735 471 820 interpretatio
499 734 668 800 verborum
697 729 741 810 uic
768 729 973 825 ἐκρεμάσθην
995 729 1180 826 λαιμότμητ’
1205 729 1290 825 ἄχηλ

179 843 232 907 De
254 843 306 908 his
330 842 451 926 Bergk.
476 841 552 906 nihil
576 842 662 906 dicit.
688 842 762 922 Alii,
787 850 823 907 nt
839 842 979 908 Brunck.
999 850 1032 908 et
1048 841 1155 924 Both„
1179 844 1291 928 legunt

183 944 279 1036 αἰόλα
307 953 437 1016 νέκυσιν
464 943 519 1016 ἐπὶ
549 951 675 1036 πορείᾳ.
733 947 796 1014 Sed
822 951 954 1034 primum
979 950 1019 1014 de
1042 950 1197 1015 vocabulo
1222 951 1290 1017 δαι-

182 1056 286 1139 μονᾶν
311 1057 480 1122 dicendum
505 1063 563 1122 est.
612 1054 718 1122 Schol.
744 1057 787 1122 ad
810 1057 885 1122 Eur.
912 1057 1032 1121 Phoeu.
1057 1055 1123 1121 895
1148 1057 1289 1144 explicat
1373 1117 1376 1124 .

183 1163 400 1248 δαιμονῶντες
426 1163 487 1228 hoc
514 1164 622 1229 modo:
656 1161 809 1256 »σκληρῷ
837 1166 966 1248 δαίμονι
994 1163 1047 1230 καὶ
1071 1158 1286 1252 ἀπανθρώπῳ
1372 1235 1376 1244 ,

180 1266 382 1357 χράμενοι“,
418 1271 448 1336 h.
480 1292 507 1335 e.
542 1293 582 1353 „a
610 1271 692 1336 malo
722 1272 876 1337 daemone
900 1271 1062 1356 possideri
1086 1279 1120 1336 et
1142 1270 1289 1336 furiari“.

180 1379 256 1444 Non
280 1380 375 1444 aliter
398 1379 539 1463 Hesyoh.
557 1399 582 1442 s.
599 1400 628 1443 r.
646 1375 786 1465 δαιμονᾷ
803 1394 810 1411 ·
826 1374 915 1460 »άπὸ
932 1381 1086 1463 δαίμονος
1100 1376 1287 1460 κατέχεται“

185 1493 219 1551 et
254 1485 341 1552 Suid.
376 1507 402 1551 s.
438 1506 467 1548 ν.
504 1483 691 1568 δαιμονᾶν·
715 1479 805 1567 ,find
834 1488 986 1570 δαίμονος
1013 1489 1207 1567 κατέχεσθαι
1235 1485 1289 1552 καὶ

183 1591 397 1677 μαίνεσθαίλ.
443 1591 535 1670 Quod
559 1593 691 1656 verbum
713 1615 776 1659 non
800 1594 982 1658 inusitatum
1006 1600 1056 1658 est
1076 1592 1236 1677 Aeschylo
1254 1601 1287 1657 et

184 1699 335 1786 Euripidi
359 1695 415 1784 (cf.
440 1699 558 1764 Aeseh.
583 1697 615 1762 S.
638 1699 697 1764 Th.
719 1699 812 1763 1003.
832 1699 974 1784 Ohoeph.
991 1697 1058 1763 564
1074 1699 1148 1763 Eur.
1166 1699 1288 1764 Phoen.

185 1803 276 1892 895).
333 1808 468 1873 Locutio
504 1813 608 1871 autem
644 1807 802 1890 δαιμονᾶν
837 1802 1033 1898 λαιμότμητα
1069 1801 1131 1896 ἄχη
1161 1806 1289 1892 poetica
1333 1857 1336 1864 ,

186 1913 316 1980 licentia
338 1922 491 2002 usurpata
515 1921 573 1995 est,
599 1933 670 1978 cum
694 1915 834 1980 dativum
858 1935 967 1980 casum
991 1923 1213 2002 exspectemus
1237 1913 1289 1979 vel

190 2023 458 2106 praepositionem
493 2015 564 2103 διά,
604 2043 675 2085 nam
713 2042 824 2087 sensus
859 2031 925 2088 est:
969 2023 1149 2108 „lymphata
1184 2028 1288 2086 mente

191 2127 348 2194 insaniens
384 2129 666 2196 vehementissimis
702 2130 835 2194 affectus
872 2129 1068 2195 doloribus“.
1127 2127 1216 2206 Quae
1240 2148 1287 2193 sc·

189 2245 323 2318 quuutur
351 2237 397 2302 sic
426 2245 681 2317 commentamur,
717 2244 753 2301 nt
776 2238 905 2301 verbum
935 2237 1030 2300 eundi
1054 2236 1286 2317 subaudiamus,

190 2363 286 2424 quare
310 2365 373 2410 non
396 2353 472 2430 poto
497 2353 532 2410 ut
556 2344 706 2423 Brunck.,
732 2343 915 2408 mendosam
938 2360 1011 2408 esse
1027 2341 1107 2406 hono
1123 2342 1287 2424 vulgatam

193 2450 375 2534 scripturam
399 2447 513 2519 αἰόλαν
537 2450 591 2518 ἐπὶ
612 2452 747 2534 πορείαν
754 2476 765 2530 ,·
789 2470 861 2513 nam
877 2449 921 2513 sic
937 2448 1112 2514 transfero:
1137 2470 1195 2531 „nu
1216 2450 1287 2514 dem

196 2554 275 2620 Piad
303 2557 360 2622 der
385 2560 608 2626 Gestorbenen
635 2557 729 2620 hinab
763 2552 930 2642 (e.ilend)“.
988 2555 1103 2640 Itaque
1130 2557 1183 2622 hic
1206 2557 1286 2622 ordo

193 2671 241 2728 est
274 2684 430 2731 versuum:
469 2660 536 2748 „nic
563 2659 767 2755 ἐκρεμάσθην
795 2661 959 2750 δαιμοναῖν
987 2659 1050 2755 ἄγη
1078 2657 1285 2756 λαιμότμητα,

189 2765 241 2838 ἐπὶ
256 2775 391 2859 πορείαν
407 2769 521 2862 αἲάλαν
536 2771 696 2840 νέκοσιν“.
734 2772 885 2837 Dativom
900 2776 1028 2839 νέκυσιν
1042 2771 1146 2855 figura
1158 2772 1284 2858 poetica

185 2881 322 2964 positum
356 2901 428 2947 esse
463 2901 522 2968 pro
557 2881 705 2964 genetivo
740 2875 862 2946 νεκύων
897 2877 931 2964 (i.
962 2900 989 2945 e.
1026 2878 1106 2962 „der
1135 2897 1196 2944 von
1224 2879 1285 2943 Ge·

186 2988 358 3053 storbenen
392 2987 590 3053 wimmelnde
624 2984 753 3071 Pfad“),
790 2986 928 3052 Brunck.
959 2989 1041 3052 bene
1070 2986 1218 3069 exposuit
1245 2986 1286 3052 ad

185 3093 258 3160 Eur.
283 3095 403 3159 Phoen.
429 3094 482 3161 85.

273 3203 402 3268 Accede
437 3202 479 3266 ad
514 3221 553 3266 ea
586 3201 734 3266 movendi
767 3203 876 3284 verba,
913 3219 995 3284 quae
1031 3199 1197 3264 transitive
1232 3201 1285 3264 ad·

181 3309 350 3376 hibentur:
386 3305 476 3392 άγειν
504 3307 602 3390 Vesp.
635 3305 729 3370 1005.
765 3308 823 3372 Th.
849 3305 923 3371 919.
959 3307 1041 3371 Rau.
1069 3303 1164 3370 1365.
1200 3307 1287 3372 Eool.

188 3416 286 3480 1001.
322 3416 370 3481 Pl.
407 3413 482 3480 656.
533 3409 656 3498 ἐξάγειν
685 3415 767 3480 Ran.
797 3411 872 3480 351.
924 3408 1072 3499 ἐκφέρειν
1099 3413 1160 3497 Eq.
1192 3413 1287 3479 1407.

128 3583 132 3590 .
181 3526 325 3606 πέμπειν
352 3523 411 3588 Th.
443 3521 517 3588 769.
565 3515 750 3607 ἐπιβάλλειν
777 3521 837 3586 Av.
866 3518 941 3586 560.
991 3515 1201 3606 μεταβάλλειν
1227 3521 1286 3586 Th.

182 3629 260 3694 724.
310 3630 420 3696 καλεῖν
449 3631 509 3695 Av.
538 3628 613 3708 890,
648 3625 744 3693 1602:
771 3627 845 3713 Lys.
875 3628 905 3691 2.
934 3627 1022 3693 Eccl.
1052 3626 1127 3690 348.
1184 3620 1287 3692 άνατι·

179 3738 281 3804 θέναι
305 3738 354 3803 Pl.
378 3736 431 3801 69.
482 3739 609 3822 τρέπειν
631 3733 714 3799 Nub.
738 3733 814 3800 589.
861 3730 959 3818 ἄναγε
981 3733 1034 3802 ἐπὶ
1059 3729 1209 3817 σκέλοςῆ)
1226 3734 1286 3800 Av.

182 3843 249 3908 383
271 3844 398 3909 obiecto
419 3845 577 3926 ommisso,
602 3849 637 3906 ut
652 3836 782 3925 οἰνάγειν
796 3843 926 3907 verbum
946 3844 1078 3906 intrans.
1096 3839 1214 3904 factum
1231 3841 1285 3923 sit3

183 3971 266 4034 quae
303 3951 400 4016 dictio
436 3951 573 4016 formata
607 3957 658 4014 est
692 3969 732 4015 ex
758 3950 815 4016 illa
841 3947 895 4016 ἐπὶ
923 3942 1008 4015 πόδα
1032 3939 1161 4028 ἐνάγειν
1189 3943 1288 4031 (ch.

257 4107 284 4176 *)
316 4109 351 4164 cf.
370 4108 456 4164 Beki.
470 4109 578 4166 Anecd.
593 4107 634 4173 72,
654 4107 688 4162 31
707 4111 811 4178 χωρεῖν
829 4101 873 4160 ἐπὶ
892 4102 980 4164 σκέλος
992 4105 1020 4156 τδ
1034 4101 1121 4158 ὀπίσω
1134 4063 1294 4175 ἀναχωρεῖν.

182 4198 221 4268 μή
241 4194 322 4250 δόντα
340 4201 394 4257 τοῖς
411 4195 578 4258 suesanus
597 4198 627 4250 ιδ
646 4197 725 4248 νῶτα·
755 4195 868 4268 Ὅμηρος
891 4189 920 4248 n
936 4189 1006 4263 λέγει
1024 4190 1118 4263 ὀλίγον
1136 4191 1204 4263 γόνυ
1222 4211 1290 4264 γον·

182 4286 229 4345 νδς
246 4281 376 4358 α’μείβων.
397 4314 429 4325 -
