3148 4984
643 521 840 586 ..2-

190 717 424 802 Aristophanes
459 717 762 803 praepositionibus,
805 737 887 800 quae
925 739 993 782 cum
1030 721 1130 784 ternis
1165 721 1289 786 casibus

191 829 423 904 construuntur,
447 821 564 890 utatur.
584 813 591 851 ²
631 865 634 868 -

279 929 412 994 Textum
453 929 553 994 secuti
589 949 693 994 snmus
730 931 963 996 comoediarum
1000 933 1122 997 Theod.
1158 933 1291 1016 Bergkii

192 1033 316 1120 (Teub,
342 1035 419 1100 edit.
444 1036 500 1100 alt.
525 1034 634 1118 corr),
671 1037 922 1120 fragmentorum
950 1037 1117 1104 Dindorfii.
1164 1039 1229 1104 Ubi
1258 1041 1290 1104 in

190 1142 325 1226 Bergkii
348 1141 489 1207 editione
513 1143 648 1207 maxime
672 1145 855 1228 discrepent
878 1167 897 1208 a
922 1147 1044 1229 vulgari
1062 1147 1201 1211 leetione
1216 1147 1288 1228 loci,

191 1251 231 1314 de
255 1248 366 1332 quibus
390 1249 511 1332 agitur,
543 1250 582 1312 iu¹
598 1251 669 1334 ipsa
691 1251 920 1316 dissertatione
944 1253 1017 1317 mihi
1040 1253 1140 1317 visum
1165 1261 1216 1318 est
1239 1275 1290 1318 ex·

192 1356 373 1442 ponendum
397 1375 479 1434 esse.

280 1464 516 1528 Tractabuntur
550 1465 806 1548 praepositiones
843 1487 883 1530 ex
907 1465 1017 1530 ordine
1041 1466 1192 1548 quodam,
1228 1487 1289 1549 quo

191 1568 357 1651 efficiatur,
384 1575 417 1634 ut
440 1589 522 1652 quae
544 1571 744 1655 praepositio
767 1573 952 1657 saepissime
974 1581 1007 1638 et
1028 1592 1109 1655 quae
1128 1574 1290 1638 rarissime

191 1683 362 1760 usurpetur
390 1677 527 1740 dilucide
551 1678 789 1762 perspiciamus.
837 1679 945 1756 Quare
967 1680 1152 1764 incipiemus
1177 1702 1196 1743 a
1219 1701 1289 1765 par-

190 1783 289 1848 ticula
316 1781 385 1865 ἐπί,
420 1791 485 1850 tum
514 1785 720 1850 tractabimus
744 1781 839 1871 πρός,
865 1779 967 1868 παρά,
992 1790 1077 1872 περί,
1101 1782 1177 1868 ὑπό,
1200 1781 1288 1871 μετά,

191 1892 287 1974 oppa

701 2048 720 2136 ξ
746 2051 774 2117 1.

683 2174 700 2242 ἒ
721 2202 748 2242 π
769 2180 798 2242 ί.

279 2319 482 2406 Praepositio
508 2316 563 2384 ἕπί
584 2320 681 2384 habet
710 2321 883 2385 naturalem
909 2327 942 2386 et
965 2322 1171 2406 principalem
1195 2319 1287 2404 signi-

189 2427 368 2492 ficationem
395 2427 477 2507 „bei
504 2426 588 2491 auf“.
635 2427 797 2492 Kuehner.
817 2427 872 2491 Gr.
891 2429 947 2492 Gr.
968 2427 1061 2512 1835,
1079 2429 1120 2510 Π,
1139 2427 1202 2492 293
1220 2448 1288 2512 sqq.

190 2531 342 2598 Schmidt.
367 2533 417 2598 De
440 2555 549 2618 praep.
576 2533 630 2597 Gr.
657 2533 700 2597 43
725 2555 794 2616 sqq.
989 2607 991 2626 .

279 2641 370 2705 Haec
394 2641 529 2705 omnium
551 2641 834 2726 praepositionum,
861 2661 942 2722 quae
959 2660 1027 2703 cum
1043 2642 1145 2704 tribus
1163 2642 1289 2704 casibus

191 2753 395 2814 constructae
418 2749 448 2811 in
466 2748 692 2832 Aristophanis
717 2746 890 2811 comoediis
915 2753 947 2810 et
971 2745 1155 2827 fragmentis
1180 2766 1288 2830 super-

190 2865 276 2938 sunt,
305 2857 438 2920 maxime
465 2856 666 2938 frequentata
696 2863 759 2933 est;
797 2874 869 2916 nam
899 2854 1072 2917 trecenties
1103 2854 1289 2936 septuagies

190 2965 293 3032 sexies
316 2965 482 3028 iuvenitur.
529 2963 578 3028 De
603 2983 731 3028 casuum
752 2981 810 3024 usu
832 2960 996 3024 dicendum
1013 2969 1072 3041 est,
1098 2962 1288 3043 genetivum,
1390 2979 1391 2982 ¹

192 3073 245 3155 qui
268 3072 370 3135 tribus
387 3078 420 3136 et
436 3071 600 3154 octogiuta
617 3071 697 3136 locis
713 3069 840 3152 legitur,
858 3069 959 3152 magis
975 3068 1138 3150 recedere,
1165 3077 1291 3136 ceteros

193 3197 288 3242 casus
312 3178 382 3261 pari
405 3177 474 3242 iere
499 3200 628 3244 numero
654 3198 738 3260 esse,
769 3197 838 3241 cum
867 3176 991 3241 dativus
1015 3178 1136 3242 centies
1161 3176 1291 3260 quadra·

189 3285 258 3367 gies
294 3283 457 3366 quinquies
494 3294 614 3366 exstet,
658 3286 857 3351 accusativus
898 3285 982 3368 quod
1018 3285 1117 3348 sciam
1153 3283 1291 3346 dativum

191 3391 293 3456 tribus
318 3390 472 3474 exemplis
497 3393 682 3475 praecedat.

279 3497 446 3561 Ordiamur
471 3498 498 3560 si
521 3497 629 3578 placet
652 3519 671 3561 a
695 3501 844 3580 genetivo
869 3517 954 3562 casu.

278 3603 432 3667 Primaria
445 3611 540 3685 atque
552 3604 692 3684 ingenita
705 3602 894 3685 significatio
905 3601 1019 3668 localis
1032 3609 1093 3668 est.
1117 3603 1289 3667 Kuehnero

188 3734 251 3777 non
286 3731 415 3795 possum
450 3729 512 3774 non
549 3709 733 3792 astipulari,
768 3711 818 3792 qui
849 3707 904 3776 ἐπί
930 3710 1172 3794 praepositione
1196 3707 1289 3789 signi-

189 3818 279 3884 ficari
308 3817 438 3883 disserit
467 3817 599 3881 alieuius
627 3819 675 3882 rei
703 3838 851 3881 summam
876 3837 996 3898 aream,
1033 3823 1067 3880 ut
1101 3814 1291 3900 particulam

191 3929 340 4010 genetivo
376 3925 559 4012 appositam
593 3925 787 3989 vernaculae
821 3925 950 4008 linguae
985 3943 1063 3988 voce
1100 3921 1192 4001 „auf“
1224 3939 1290 3984 ver-

190 4033 319 4098 tendam
343 4053 416 4098 esse
440 4038 609 4118 appareat,
644 4033 670 4096 si
694 4032 836 4096 homines
860 4033 892 4118 in
916 4033 1079 4114 aliquare
1104 4028 1218 4092 sedere
1241 4028 1292 4091 vel

156 4205 162 4216 ,
190 4159 243 4204 res
267 4141 299 4205 in
324 4161 362 4204 ea
385 4160 457 4205 esse
482 4141 636 4205 dieantur.
684 4140 735 4204 Ab
757 4139 899 4204 Homero
924 4156 1022 4221 usque
1047 4136 1089 4200 ad
1111 4136 1291 4200 recentissi-

190 4267 259 4312 mos
272 4248 472 4330 antiquitatis
498 4250 670 4336 scriptores
689 4249 751 4314 ista
768 4245 1015 4331 praepositionis
1033 4245 1120 4308 notio
1137 4244 1290 4326 occurrit5
