3148 4984
584 565 841 633 ·-37-

161 760 356 854 μινίρομαι
378 759 459 850 πρὸς
480 759 620 852 §porario
643 763 730 831 Eool.
756 764 829 830 880.
876 760 945 850 ᾄδω
969 760 1051 852 πρός
1073 760 1212 854 &porario
1234 761 1277 830 ib.

169 873 261 956 931,
287 895 306 938 a
330 893 389 956 quo
410 891 471 937 usu
494 871 653 938 diversum
677 879 727 938 eat
751 871 836 956 qnod
858 869 976 956 legitur
998 873 1081 939 Rau.
1110 871 1208 939 1307:

360 995 457 1082 δεῦρο
481 991 587 1064 Mori&
610 965 802 1083 Είριπίδοα,

359 1100 443 1189 πρὸς
465 1097 567 1191 ἥνπερ
592 1100 758 1191 ἐπιτήδεια
780 1099 864 1171 ταῦτ’
887 1097 979 1191 ᾄδειν
1000 1105 1094 1195 μέλη,

164 1250 312 1316 namque
346 1230 567 1316 metaphorice
602 1239 705 1296 motus
740 1229 856 1295 eantioi
891 1229 930 1292 ad
967 1228 1089 1294 Musam
1122 1229 1281 1295 indicatur

165 1339 244 1402 sive
274 1335 386 1402 Musae
413 1339 582 1404 comitatus
611 1332 689 1421 („ad
718 1358 811 1420 quam
843 1329 1006 1419 oanere“).
1064 1337 1185 1403 Eadem
1209 1357 1281 1402 oon·

173 1433 331 1526 amotio,
355 1445 410 1508 sed
435 1445 542 1527 paullo
568 1445 696 1510 diversa
719 1443 880 1510 sententia
904 1449 954 1510 est
977 1445 1008 1507 in
1023 1441 1100 1526 Frg.
1118 1439 1182 1507 377
1199 1438 1282 1527 πρὸς

173 1554 336 1640 μυρρίνην
356 1537 457 1637 ᾄδειν.

263 1675 354 1741 Raro
397 1677 497 1740 verba
539 1676 675 1741 vocandi
714 1696 784 1742 oum
823 1670 905 1761 πρός
944 1675 1029 1740 diota
1062 1675 1282 1760 reperiuntnr3

168 1783 255 1848 haee
279 1783 350 1874 sare
375 1783 460 1867 apud
485 1783 584 1849 Arist.
610 1789 696 1849 sunt:
720 1783 830 1849 καλεῖν
852 1777 935 1867 πρὸς
956 1778 991 1848 ao
1015 1777 1087 1867 φῶς
1108 1781 1191 1847 Nub.
1217 1781 1282 1846 632

173 1898 212 1955 et
234 1883 596 1977 προσκαλεῖσθαιπρὸς
618 1885 692 1963 τούς
717 1883 936 1976 ἀγορανόμους
958 1889 1058 1973 Vesp.
1088 1888 1182 1954 1407.

268 1995 313 2064 Ut
335 1998 399 2062 iam
423 2017 521 2083 snpra
541 1997 574 2060 in
595 1997 704 2062 dativo
729 2017 804 2062 casn
821 1995 1012 2082 explicando
1030 1995 1282 2076 commemoravi,

179 2103 280 2170 verba
304 2125 372 2169 oum
404 2097 486 2189 πρός
516 2104 693 2190 composita
716 2111 814 2190 poeta
837 2105 1068 2190 praepositioni
1091 2103 1286 2186 coniungere

174 2219 263 2277 amat
287 2219 320 2276 et
344 2210 475 2296 proprio
500 2229 596 2276 sensu
620 2218 653 2277 et
672 2211 840 2276 translato.
871 2209 1031 2276 Nonnulla
1053 2209 1200 2296 exempla
1221 2210 1285 2274 iam

176 2319 281 2396 attuli,
307 2317 371 2382 alia
392 2325 480 2404 sunt:
517 2317 689 2398 προσιιλαν
705 2313 786 2403 προς
802 2311 885 2382 αὐτοὶ
901 2309 1092 2402 ιοίφθαλμοί
1106 2314 1189 2380 Nub.
1207 2314 1282 2381 410.

182 2419 472 2510 προσπαπαλείειν
498 2422 595 2491 ταῦτα
622 2419 703 2507 προς
729 2419 764 2490 τὸ
793 2427 943 2490 πίαωπον
973 2472 980 2487 .
1008 2473 1015 2489 .
1039 2417 1146 2510 ὥσπερ
1169 2425 1283 2512 κοτίνῳ

186 2533 237 2597 Pl.
260 2531 330 2616 942,
352 2533 448 2616 inquo
472 2554 535 2599 nno
561 2534 702 2597 membro
727 2529 824 2596 Arist.
844 2529 1117 2616 praepositionem
1133 2538 1167 2597 et
1183 2529 1284 2598 solum

185 2637 323 2704 dativum
345 2641 458 2704 variat.

268 2762 475 2830 Conferamus
505 2784 581 2830 vero
609 2764 668 2828 has
703 2763 876 2831 aoousativi
904 2783 998 2830 nasus
1029 2765 1283 2830 constructiones

170 2893 246 2936 oum
272 2872 394 2953 dativo,
426 2890 507 2954 quos
530 2891 623 2936 oasus
647 2873 758 2936 eodem
786 2871 856 2937 iera
879 2871 974 2937 modo
998 2869 1147 2955 usurpari
1170 2890 1211 2934 ex
1233 2870 1283 2934 his

169 2979 378 3064 potissimum
400 2977 506 3044 eluoet
529 2978 627 3043 loois:

175 3101 234 3187 Eq.
262 3101 349 3169 1075
373 3097 454 3187 πρὸς
476 3100 521 3188 τῷ
542 3101 612 3166 κυνὶ
635 3105 828 3192 προσειὲθη.

177 3208 279 3295 Vesp.
303 3207 370 3274 565
393 3211 624 3293 προστιθέασιν
645 3204 727 3274 κακαὶ
751 3205 834 3295 πρός
856 3216 922 3284 τοῖς
944 3189 1047 3276 οὖσαν.

178 3315 261 3382 Nub.
288 3316 353 3381 163
376 3311 458 3401 πρός
481 3312 580 3402 στενῷ
603 3317 846 3402 προσκείμενον.

173 3528 259 3596 Nub.
285 3529 330 3595 63
353 3533 539 3616 προσετίθει
562 3525 643 3616 πρὸς
664 3525 807 3614 τοῦνομα

167 3638 216 3704 ib.
242 3636 311 3703 468
334 3633 481 3728 μηχανὰς
505 3685 512 3702 .
537 3689 545 3706 .
569 3623 651 3725 πρὸς
674 3634 710 3704 σε’
731 3633 845 3712 καινάς
867 3641 1050 3724 προσφέρω.

166 3747 261 3812 Rau.
288 3742 374 3810 1215
397 3739 478 3832 πρὸς
499 3740 558 3832 γὰρ
581 3743 704 3812 τουτονὶ
726 3738 782 3812 τόν
804 3738 968 3832 πρόλογον
990 3789 999 3812 .
1023 3791 1031 3808 .
1055 3736 1235 3830 προσάψαι.

167 3854 255 3920 Ριιο.
284 3852 369 3918 1188
391 3848 530 3936 προστὰς
552 3849 633 3934 πρὸς
655 3847 711 3918 τὸν
734 3845 918 3938 α’νδριαίνια.

268 3976 337 4044 Iam
359 3982 459 4043 totum
481 3977 731 4064 praepositionis
755 3997 846 4043 nsum
864 3975 998 4044 looalam
1015 3972 1281 4058 pertractavimus

130 4163 140 4178 .
169 4086 284 4170 eiquo,
309 4105 496 4170 quamquam
519 4083 707 4150 translative
723 4103 946 4167 nonnunquam
968 4085 1151 4165 usurpatur,
1175 4087 1283 4146 tamen

169 4193 329 4260 movendi
351 4193 511 4258 notionem
533 4192 642 4257 inesse
664 4192 810 4258 vidimus.
856 4189 944 4266 Quae
966 4186 1056 4252 notio
1073 4188 1165 4270 quasi
1179 4188 1284 4254 sraela

171 4306 244 4382 ant,
280 4298 335 4362 nbi
369 4298 530 4382 particula
564 4317 663 4383 saepe
699 4298 844 4364 absolute
877 4295 985 4380 posita
1019 4293 1284 4378 signifieationem
