3148 4984
644 533 866 598 „63-

205 737 277 820 erit,
303 733 355 820 qui
379 729 513 812 dubitet,
539 729 613 813 quin
638 728 678 794 de
701 728 857 796 industria
879 734 978 815 poeta
1000 727 1080 794 haec
1102 727 1202 795 verba
1223 748 1304 802 eom·

202 845 307 930 posita
335 837 536 907 coniunxerit
564 856 633 902 cum
657 836 897 922 praepositione
919 829 1012 920 μετά;
1041 855 1101 901 nec
1124 837 1225 901 minus
1248 837 1305 902 uti·

204 959 255 1016 tur
277 949 383 1015 verbis
407 967 477 1013 cum
500 938 579 1010 κατά
602 944 801 1030 compositis,
837 950 872 1008 ut
898 944 978 1009 haec
1001 943 1147 1026 exempla
1171 943 1303 1008 docent:

204 1057 285 1126 th.
311 1052 395 1120 1148
420 1045 697 1134 auertentem&
720 1052 891 1141 παιδίσκης
918 1043 1119 1140 οἳραιοτάτης.
1155 1049 1215 1133 Eq.
1242 1049 1304 1114 771

172 1243 174 1248 .
202 1163 458 1252 κατακνησθείην
492 1153 571 1243 μετὰ
605 1154 711 1243 τυροῦ.
773 1157 850 1224 Ροο.
877 1157 963 1222 1330
993 1162 1211 1224 κατακεῖσθαι.
1245 1160 1305 1222 Αν.

204 1271 268 1337 196
294 1269 490 1347 κατοικίζειν.
515 1266 589 1350 Lys.
609 1263 671 1328 112
694 1259 874 1331 καταλύειν.
898 1265 942 1330 ib.
960 1263 1025 1348 904
1047 1266 1306 1332 κατακλίνεσθαι.

202 1379 254 1446 Pl.
279 1373 345 1440 383
372 1376 579 1454 καθέζεσθαι.
609 1405 651 1418 -
680 1371 749 1435 Nec
775 1373 867 1436 nimie
896 1369 1025 1437 diversa
1053 1393 1072 1436 a
1100 1372 1225 1455 uulgari
1247 1393 1307 1437 usu

208 1490 282 1550 sunt
316 1483 406 1547 haee:
442 1480 524 1545 Nub.
561 1478 626 1544 461
660 1481 733 1563 βίον
772 1472 894 1561 διάγειν
927 1480 993 1562 μετ’
1029 1477 1118 1564 ἐμοῦ.
1156 1480 1215 1544 Au.
1242 1477 1307 1544 763

213 1590 392 1657 διαπλέκειν
415 1586 474 1673 (sc.
498 1585 553 1654 τάν
575 1581 661 1672 βίον)
684 1587 750 1669 μετ’
776 1579 927 1672 ὀρνίθων.
951 1587 994 1652 ib.
1015 1585 1076 1650 155
1101 1581 1118 1651 ὁ
1139 1587 1205 1670 μετ’
1224 1581 1308 1671 ὀρνί-

203 1703 277 1764 θων
298 1699 376 1782 βίος.
395 1697 438 1760 ib.
463 1693 508 1758 54
530 1688 619 1761 άστοὶ
640 1690 707 1777 μετ’
732 1688 845 1760 άστάν.
868 1695 910 1759 ib.
930 1693 1015 1759 1428
1032 1688 1212 1782 άναχαρεῖν
1226 1693 1305 1780 μετὰ

170 1885 173 1894 .
202 1804 265 1872 τῶν
293 1798 445 1889 γεράνων.
491 1802 591 1886 Vesp.
617 1799 680 1866 349
710 1803 897 1888 περιελθεῖν
919 1797 998 1885 μετὰ
1020 1806 1174 1893 χοιρίνης.
1220 1803 1303 1868 Nub.

206 1909 303 1976 1006.
340 1909 440 1993 Vesp.
469 1907 543 1988 692,
569 1908 641 1990 786,
668 1908 746 1991 788,
775 1908 870 1974 1004.
905 1911 964 1974 Au.
991 1908 1066 1974 658.
1128 1910 1206 1977 Ροο.
1233 1909 1306 1994 116,

206 2016 282 2099 775,
308 2015 383 2080 784.
408 2015 483 2100 Lys.
507 2014 580 2080 480.
627 2018 677 2082 De
700 2018 762 2082 hoo
785 2011 913 2100 satie*).
952 2017 1065 2102 Neque
1090 2020 1171 2084 alius
1195 2038 1308 2084 sensus

205 2134 257 2192 est
283 2126 317 2190 in
345 2123 432 2188 Eccl.
462 2120 527 2187 964
554 2122 589 2190 ἔν
617 2124 662 2211 τῷ
690 2123 737 2212 σηῖ
762 2119 922 2211 βούλομαι
950 2122 1057 2214 κόλπῳ
1081 2122 1309 2216 πληκτίζεσθαι

205 2229 284 2319 μετὰ
306 2231 362 2318 τῆς
385 2227 442 2317 σῆς
464 2231 575 2318 πυγῆς.
623 2233 665 2298 H.
691 2231 800 2317 Steph.
825 2235 955 2300 verbum
979 2235 1114 2297 activum
1130 2233 1309 2321 πληκτίζειν

208 2361 267 2425 per
291 2337 476 2426 „puugcre“·
498 2340 641 2424 exponit5
667 2339 792 2403 Invern.
816 2340 948 2404 formam
971 2341 1199 2431 πληκτίζεσθαι
1214 2341 1308 2406 inter·

211 2454 355 2532 pretatur
380 2468 439 2534 per
467 2440 716 2527 διατάπτεσθαις
751 2447 837 2532 apud
861 2447 1000 2530 Hesyoh.
1025 2448 1193 2532 exponitur
1215 2442 1309 2531 μα’χε-

213 2559 303 2635 σθαι,
338 2549 477 2642 ὑβρίζειν
500 2551 535 2636 (i.
565 2574 592 2618 e.
622 2554 780 2636 lascivire,
811 2555 894 2619 sicut
916 2548 1064 2642 ὑβριστής
1086 2575 1309 2638 nonnunquam

213 2661 294 2746 idem
318 2671 367 2728 eet
391 2662 474 2746 quod
500 2660 647 2742 lascivus,
672 2662 713 2727 ci.
737 2661 820 2727 Nub.
847 2660 958 2742 1068).
1009 2663 1079 2729 Nec
1102 2663 1236 2728 difficilis
1260 2669 1311 2728 est

207 2767 259 2833 hic
291 2770 391 2849 locus,
429 2770 456 2833 si
484 2767 566 2833 hano
593 2789 720 2854 quoque
756 2771 1028 2857 praepositionem
1055 2772 1187 2856 proprio
1217 2790 1311 2836 sensu

207 2877 387 2962 accipimus,
425 2897 523 2960 quare
551 2877 667 2943 Bothio
702 2897 764 2943 non
802 2880 969 2960 assentior,
1005 2880 1057 2960 qui
1084 2871 1163 2961 μετά
1196 2879 1309 2941 instru-

207 2993 345 3050 mentum
377 2983 559 3066 significare
586 2985 669 3051 vult:
704 2987 835 3070 primum
864 2986 937 3051 talis
961 2984 1209 3069 praepositionis
1233 3003 1309 3050 neus

206 3111 358 3178 perrarus
382 3098 433 3156 est
456 3084 713 3175 neque'usquam
738 3093 822 3176 apud
838 3094 935 3158 Arist.
957 3091 1124 3173 invenitur,
1149 3098 1215 3156 tum
1231 3091 1308 3156 nihil

208 3218 267 3264 nos
290 3200 387 3283 cogit,
422 3200 526 3265 locum
555 3201 595 3264 de
623 3220 685 3283 quo
714 3202 820 3282 agitur
849 3199 894 3263 sic
921 3199 1122 3282 intellegere.
1182 3199 1309 3284 Optime

208 3308 413 3392 perspicitur,
443 3309 471 3372 si
493 3307 644 3372 vertimus
673 3307 815 3390 „lascive
839 3325 949 3390 agere,
977 3306 1088 3372 ludere
1111 3302 1157 3392 (h,
1182 3327 1210 3372 e.
1235 3309 1308 3389 „ein

208 3414 407 3498 wollitstigee
432 3412 521 3500 Spiel
548 3411 710 3498 treiben“)
746 3435 816 3480 cum
838 3412 1007 3497 natibus“;
1044 3416 1160 3498 quain
1184 3433 1220 3480 re
1247 3435 1311 3480 non

208 3526 274 3585 tam
309 3520 389 3585 aliae
422 3522 568 3606 corporis
601 3529 710 3605 partes
745 3543 838 3605 quam
872 3542 997 3588 manum
1031 3523 1131 3588 solam
1167 3522 1311 3587 adhiberi

208 3627 359 3710 arbitror,
390 3649 451 3711 qua
479 3635 573 3693 nates
601 3629 685 3694 illiue
709 3628 835 3694 iuvenis
853 3629 982 3714 pulsaue
998 3630 1073 3710 vult,
1097 3630 1143 3693 ita
1163 3636 1198 3695 nt
1218 3636 1310 3694 nates

209 3738 272 3802 sint
294 3735 544 3816 instrumentum,
573 3755 683 3800 manus
706 3742 813 3800 autem
837 3738 928 3821 quasi
951 3737 1116 3821 plectrum,
1147 3757 1208 3820 quo
1231 3736 1311 3801 illud

209 3843 363 3929 pulsatur.
427 3841 492 3908 Sed
526 3844 657 3928 proprie
690 3845 768 3909 nihil
802 3844 889 3910 aliud
924 3845 1040 3910 dicitur
1074 3863 1184 3925 quam:
1226 3862 1309 3928 „ego

277 4021 304 4089 l)
332 4021 385 4090 Qui
403 4021 481 4093 plura
499 4019 641 4087 desiderat,
660 4022 734 4092 legat
751 4022 801 4092 Eq.
815 4021 874 4076 590.
894 4017 1053 4090 Vesp320,
1070 4017 1145 4071 1247.
1165 4019 1232 4074 Ροο.
1246 4018 1306 4074 765.

207 4095 1309 4181 wwmmmmmmmmmm

207 4196 1311 4268 MQQQQMMMQQQQM

208 4287 647 4362 mmmmmm-
