<?xml version="1.0" encoding="UTF-8"?>
<!DOCTYPE html PUBLIC "-//W3C//DTD XHTML 1.0 Transitional//EN"
    "http://www.w3.org/TR/xhtml1/DTD/xhtml1-transitional.dtd">
<html xmlns="http://www.w3.org/1999/xhtml" xml:lang="en" lang="en">
 <head>
  <title>
</title>
<meta http-equiv="Content-Type" content="text/html;charset=utf-8" />
  <meta name='ocr-system' content='tesseract 3.04.00' />
  <meta name='ocr-capabilities' content='ocr_page ocr_carea ocr_par ocr_line ocrx_word'/>
</head>
<body>
  <div class='ocr_page' id='page_1' title='image "./depraepositioni00vogegoog_0014.png"; bbox 0 0 3148 4984; ppageno 0'>
   <div class='ocr_carea' id='block_1_1' title="bbox 720 561 918 626">
    <p class='ocr_par' dir='ltr' id='par_1_1' title="bbox 720 561 918 626">
     <span class='ocr_line' id='line_1_1' title="bbox 720 561 918 626; baseline -0.01 -16"><span class='ocrx_word' id='word_1_1' title='bbox 720 561 918 626; x_wconf 60' lang='lat'>-45-</span> 
     </span>
    </p>
   </div>
   <div class='ocr_carea' id='block_1_2' title="bbox 263 749 1371 1488">
    <p class='ocr_par' dir='ltr' id='par_1_2' title="bbox 263 749 1371 1488">
     <span class='ocr_line' id='line_1_2' title="bbox 265 749 1366 848; baseline -0.005 -20"><span class='ocrx_word' id='word_1_2' title='bbox 265 759 320 828; x_wconf 77' lang='grc' dir='ltr'>ἐπὶ</span> <span class='ocrx_word' id='word_1_3' title='bbox 350 755 406 848; x_wconf 53' lang='lat' dir='ltr'>oq}</span> <span class='ocrx_word' id='word_1_4' title='bbox 433 760 534 832; x_wconf 82' lang='grc' dir='ltr'><strong><em>οἰκίας</em></strong></span> <span class='ocrx_word' id='word_1_5' title='bbox 559 785 589 816; x_wconf 87' lang='lat'>=</span> <span class='ocrx_word' id='word_1_6' title='bbox 615 781 674 842; x_wconf 82' lang='lat' dir='ltr'>„uu</span> <span class='ocrx_word' id='word_1_7' title='bbox 704 755 851 840; x_wconf 84' lang='lat' dir='ltr'>Hause“;</span> <span class='ocrx_word' id='word_1_8' title='bbox 877 758 931 840; x_wconf 77' lang='lat'>21,</span> <span class='ocrx_word' id='word_1_9' title='bbox 961 757 991 840; x_wconf 85' lang='lat'>8,</span> <span class='ocrx_word' id='word_1_10' title='bbox 1017 758 1058 822; x_wconf 87' lang='lat'>13</span> <span class='ocrx_word' id='word_1_11' title='bbox 1086 761 1197 843; x_wconf 79' lang='grc' dir='ltr'><strong><em>μένειν</em></strong></span> <span class='ocrx_word' id='word_1_12' title='bbox 1220 756 1274 824; x_wconf 80' lang='grc' dir='ltr'>ἐπὶ</span> <span class='ocrx_word' id='word_1_13' title='bbox 1297 749 1366 835; x_wconf 55' lang='grc' dir='ltr'>τούς</span> 
     </span>
     <span class='ocr_line' id='line_1_3' title="bbox 268 855 1370 952; baseline -0.005 -17"><span class='ocrx_word' id='word_1_14' title='bbox 268 893 331 936; x_wconf 82' lang='grc' dir='ltr'>νων</span> <span class='ocrx_word' id='word_1_15' title='bbox 359 863 421 933; x_wconf 68' lang='grc' dir='ltr'><strong><em>τοῖν</em></strong></span> <span class='ocrx_word' id='word_1_16' title='bbox 448 860 571 948; x_wconf 68' lang='grc' dir='ltr'><strong><em>τόπους</em></strong></span> <span class='ocrx_word' id='word_1_17' title='bbox 601 865 729 952; x_wconf 78' lang='lat' dir='ltr'>saepius</span> <span class='ocrx_word' id='word_1_18' title='bbox 754 861 867 932; x_wconf 65' lang='grc' dir='ltr'><strong><em>ακέπὶ</em></strong></span> <span class='ocrx_word' id='word_1_19' title='bbox 889 855 945 952; x_wconf 64' lang='grc' dir='ltr'><strong><em>νίς</em></strong></span> <span class='ocrx_word' id='word_1_20' title='bbox 966 859 1065 939; x_wconf 75' lang='grc' dir='ltr'><strong><em>Ἀσίας</em></strong></span> <span class='ocrx_word' id='word_1_21' title='bbox 1087 861 1199 939; x_wconf 82' lang='grc' dir='ltr'><strong><em>’πόλεις</em></strong></span> <span class='ocrx_word' id='word_1_22' title='bbox 1223 889 1252 922; x_wconf 90' lang='lat'>=</span> <span class='ocrx_word' id='word_1_23' title='bbox 1279 866 1314 930; x_wconf 81' lang='grc' dir='ltr'>αἱ</span> <span class='ocrx_word' id='word_1_24' title='bbox 1335 861 1370 931; x_wconf 81' lang='grc' dir='ltr'><strong><em>ἐν</em></strong></span> 
     </span>
     <span class='ocr_line' id='line_1_4' title="bbox 264 967 1366 1066; baseline -0.003 -25"><span class='ocrx_word' id='word_1_25' title='bbox 264 975 303 1062; x_wconf 62' lang='lat' dir='ltr'>ep}</span> <span class='ocrx_word' id='word_1_26' title='bbox 323 969 403 1062; x_wconf 80' lang='grc' dir='ltr'><strong><em>Ἀσίμ</em></strong></span> <span class='ocrx_word' id='word_1_27' title='bbox 418 998 453 1040; x_wconf 84' lang='grc' dir='ltr'>π.</span> <span class='ocrx_word' id='word_1_28' title='bbox 474 984 522 1020; x_wconf 83' lang='grc'>’·-</span> <span class='ocrx_word' id='word_1_29' title='bbox 545 973 626 1038; x_wconf 85' lang='lat' dir='ltr'><strong>Item</strong></span> <span class='ocrx_word' id='word_1_30' title='bbox 642 975 802 1048; x_wconf 86' lang='lat' dir='ltr'>translato</span> <span class='ocrx_word' id='word_1_31' title='bbox 819 993 915 1038; x_wconf 84' lang='lat' dir='ltr'>seusu</span> <span class='ocrx_word' id='word_1_32' title='bbox 930 973 1089 1040; x_wconf 83' lang='lat' dir='ltr'>iuvenitur</span> <span class='ocrx_word' id='word_1_33' title='bbox 1105 967 1160 1038; x_wconf 79' lang='grc' dir='ltr'>ἐπὶ</span> <span class='ocrx_word' id='word_1_34' title='bbox 1176 970 1321 1066; x_wconf 74' lang='grc' dir='ltr'><strong><em>στρατιᾶς</em></strong></span> <span class='ocrx_word' id='word_1_35' title='bbox 1337 997 1366 1025; x_wconf 93' lang='lat'>=</span> 
     </span>
     <span class='ocr_line' id='line_1_5' title="bbox 265 1067 1369 1166; baseline -0.003 -20"><span class='ocrx_word' id='word_1_36' title='bbox 265 1083 316 1164; x_wconf 76' lang='lat' dir='ltr'>„a</span> <span class='ocrx_word' id='word_1_37' title='bbox 350 1080 486 1146; x_wconf 72' lang='lat' dir='ltr'>sorauu</span> <span class='ocrx_word' id='word_1_38' title='bbox 521 1080 622 1165; x_wconf 75' lang='lat' dir='ltr'>vesp.</span> <span class='ocrx_word' id='word_1_39' title='bbox 647 1079 728 1163; x_wconf 80' lang='lat'><strong>354,</strong></span> <span class='ocrx_word' id='word_1_40' title='bbox 752 1079 828 1146; x_wconf 73' lang='lat' dir='ltr'>aar.</span> <span class='ocrx_word' id='word_1_41' title='bbox 856 1081 932 1166; x_wconf 65' lang='grc' dir='ltr'>ιρι.</span> <span class='ocrx_word' id='word_1_42' title='bbox 960 1079 1033 1161; x_wconf 88' lang='lat'>100.</span> <span class='ocrx_word' id='word_1_43' title='bbox 1062 1071 1118 1146; x_wconf 69' lang='grc' dir='ltr'>ἐπὶ</span> <span class='ocrx_word' id='word_1_44' title='bbox 1146 1078 1234 1154; x_wconf 68' lang='grc' dir='ltr'><strong><em>σκιᾶς</em></strong></span> <span class='ocrx_word' id='word_1_45' title='bbox 1259 1067 1369 1162; x_wconf 75' lang='lat' dir='ltr'>=&#39;„rn</span> 
     </span>
     <span class='ocr_line' id='line_1_6' title="bbox 263 1180 1368 1269; baseline -0.001 -16"><span class='ocrx_word' id='word_1_46' title='bbox 263 1186 395 1253; x_wconf 86' lang='lat' dir='ltr'>umbra“</span> <span class='ocrx_word' id='word_1_47' title='bbox 431 1188 519 1252; x_wconf 80' lang='lat' dir='ltr'>Eecl.</span> <span class='ocrx_word' id='word_1_48' title='bbox 545 1186 620 1252; x_wconf 87' lang='grc'><strong>496.</strong></span> <span class='ocrx_word' id='word_1_49' title='bbox 657 1180 712 1253; x_wconf 78' lang='grc' dir='ltr'>ἐπὶ</span> <span class='ocrx_word' id='word_1_50' title='bbox 747 1190 875 1269; x_wconf 78' lang='grc' dir='ltr'><strong><em>στοίχου</em></strong></span> <span class='ocrx_word' id='word_1_51' title='bbox 908 1189 954 1256; x_wconf 82' lang='lat' dir='ltr'>ib.¹</span> <span class='ocrx_word' id='word_1_52' title='bbox 978 1185 1042 1252; x_wconf 81' lang='lat'>756</span> <span class='ocrx_word' id='word_1_53' title='bbox 1068 1211 1097 1242; x_wconf 88' lang='lat'>=</span> <span class='ocrx_word' id='word_1_54' title='bbox 1135 1187 1187 1269; x_wconf 82' lang='lat' dir='ltr'>„in</span> <span class='ocrx_word' id='word_1_55' title='bbox 1223 1185 1368 1255; x_wconf 78' lang='lat' dir='ltr'>ordine“.</span> 
     </span>
     <span class='ocr_line' id='line_1_7' title="bbox 263 1293 1369 1387; baseline -0.001 -28"><span class='ocrx_word' id='word_1_56' title='bbox 263 1295 383 1372; x_wconf 82' lang='lat' dir='ltr'>Quibus</span> <span class='ocrx_word' id='word_1_57' title='bbox 415 1293 568 1380; x_wconf 85' lang='lat' dir='ltr'>exemplis</span> <span class='ocrx_word' id='word_1_58' title='bbox 592 1294 710 1359; x_wconf 82' lang='lat' dir='ltr'>locutio</span> <span class='ocrx_word' id='word_1_59' title='bbox 735 1295 882 1360; x_wconf 86' lang='lat' dir='ltr'>addenda</span> <span class='ocrx_word' id='word_1_60' title='bbox 906 1302 970 1378; x_wconf 85' lang='lat' dir='ltr'>est,</span> <span class='ocrx_word' id='word_1_61' title='bbox 1007 1295 1056 1387; x_wconf 87' lang='lat' dir='ltr'>eui</span> <span class='ocrx_word' id='word_1_62' title='bbox 1079 1293 1165 1358; x_wconf 87' lang='lat' dir='ltr'>inest</span> <span class='ocrx_word' id='word_1_63' title='bbox 1187 1295 1274 1359; x_wconf 87' lang='lat' dir='ltr'>notio</span> <span class='ocrx_word' id='word_1_64' title='bbox 1299 1300 1369 1377; x_wconf 70' lang='lat' dir='ltr'>oauj·</span> 
     </span>
     <span class='ocr_line' id='line_1_8' title="bbox 266 1393 1371 1488; baseline 0 -21"><span class='ocrx_word' id='word_1_65' title='bbox 266 1403 356 1468; x_wconf 89' lang='lat' dir='ltr'>salis:</span> <span class='ocrx_word' id='word_1_66' title='bbox 389 1403 470 1468; x_wconf 86' lang='lat' dir='ltr'>Rau.</span> <span class='ocrx_word' id='word_1_67' title='bbox 498 1396 582 1465; x_wconf 78' lang='lat'>1305</span> <span class='ocrx_word' id='word_1_68' title='bbox 610 1405 641 1466; x_wconf 85' lang='grc' dir='ltr'>ιί</span> <span class='ocrx_word' id='word_1_69' title='bbox 674 1403 726 1468; x_wconf 84' lang='grc' dir='ltr'>δεῖ</span> <span class='ocrx_word' id='word_1_70' title='bbox 757 1395 857 1488; x_wconf 80' lang='grc' dir='ltr'><strong><em>λύρας</em></strong></span> <span class='ocrx_word' id='word_1_71' title='bbox 890 1397 944 1468; x_wconf 79' lang='grc' dir='ltr'>ἐπὶ</span> <span class='ocrx_word' id='word_1_72' title='bbox 967 1395 1086 1486; x_wconf 79' lang='grc' dir='ltr'><strong><em>τούτων</em></strong></span> <span class='ocrx_word' id='word_1_73' title='bbox 1109 1399 1152 1484; x_wconf 80' lang='lat' dir='ltr'>(h.</span> <span class='ocrx_word' id='word_1_74' title='bbox 1178 1419 1207 1465; x_wconf 83' lang='lat' dir='ltr'>a.</span> <span class='ocrx_word' id='word_1_75' title='bbox 1231 1393 1371 1468; x_wconf 74' lang='grc' dir='ltr'><strong><em>ἐπὶτῶν</em></strong></span> 
     </span>
    </p>
   </div>
   <div class='ocr_carea' id='block_1_3' title="bbox 268 1503 1414 1594">
    <p class='ocr_par' dir='ltr' id='par_1_3' title="bbox 268 1503 1414 1594">
     <span class='ocr_line' id='line_1_9' title="bbox 268 1503 1414 1594; baseline -0.002 -20"><span class='ocrx_word' id='word_1_76' title='bbox 268 1503 451 1593; x_wconf 77' lang='grc' dir='ltr'><em>Εὐριπίδου</em></span> <span class='ocrx_word' id='word_1_77' title='bbox 473 1503 636 1594; x_wconf 74' lang='grc' dir='ltr'><strong><em>ᾀσμάτων)</em></strong></span> <span class='ocrx_word' id='word_1_78' title='bbox 663 1535 692 1564; x_wconf 89' lang='lat'>==</span> <span class='ocrx_word' id='word_1_79' title='bbox 719 1509 816 1592; x_wconf 81' lang='lat' dir='ltr'>„quid</span> <span class='ocrx_word' id='word_1_80' title='bbox 831 1509 901 1594; x_wconf 85' lang='lat' dir='ltr'>lyra</span> <span class='ocrx_word' id='word_1_81' title='bbox 918 1529 998 1594; x_wconf 89' lang='lat' dir='ltr'>opus</span> <span class='ocrx_word' id='word_1_82' title='bbox 1015 1515 1066 1574; x_wconf 84' lang='lat' dir='ltr'>est</span> <span class='ocrx_word' id='word_1_83' title='bbox 1081 1508 1130 1572; x_wconf 91' lang='lat' dir='ltr'>his</span> <span class='ocrx_word' id='word_1_84' title='bbox 1147 1505 1368 1589; x_wconf 84' lang='lat' dir='ltr'>ua1·minibus“,</span> <span class='ocrx_word' id='word_1_85' title='bbox 1412 1535 1414 1539; x_wconf 93' lang='lat'>·</span> 
     </span>
    </p>
   </div>
   <div class='ocr_carea' id='block_1_4' title="bbox 268 1612 1370 1702">
    <p class='ocr_par' dir='ltr' id='par_1_4' title="bbox 268 1612 1370 1702">
     <span class='ocr_line' id='line_1_10' title="bbox 268 1612 1370 1702; baseline -0.005 -19"><span class='ocrx_word' id='word_1_86' title='bbox 268 1612 375 1702; x_wconf 85' lang='lat' dir='ltr'>(„oum</span> <span class='ocrx_word' id='word_1_87' title='bbox 388 1615 468 1680; x_wconf 80' lang='lat' dir='ltr'>haee</span> <span class='ocrx_word' id='word_1_88' title='bbox 481 1617 620 1680; x_wconf 85' lang='lat' dir='ltr'>earmina</span> <span class='ocrx_word' id='word_1_89' title='bbox 632 1617 712 1682; x_wconf 82' lang='lat' dir='ltr'>talia</span> <span class='ocrx_word' id='word_1_90' title='bbox 726 1613 834 1700; x_wconf 88' lang='lat' dir='ltr'>sint“).</span> <span class='ocrx_word' id='word_1_91' title='bbox 873 1616 942 1682; x_wconf 87' lang='lat' dir='ltr'>Iam</span> <span class='ocrx_word' id='word_1_92' title='bbox 958 1635 1034 1680; x_wconf 87' lang='lat' dir='ltr'>vero</span> <span class='ocrx_word' id='word_1_93' title='bbox 1050 1615 1185 1699; x_wconf 85' lang='lat' dir='ltr'>legimus</span> <span class='ocrx_word' id='word_1_94' title='bbox 1201 1614 1287 1680; x_wconf 80' lang='lat' dir='ltr'>Euol.</span> <span class='ocrx_word' id='word_1_95' title='bbox 1305 1615 1370 1679; x_wconf 87' lang='grc'>943</span> 
     </span>
    </p>
   </div>
   <div class='ocr_carea' id='block_1_5' title="bbox 268 1715 1427 1824">
    <p class='ocr_par' dir='ltr' id='par_1_5' title="bbox 268 1715 1427 1824">
     <span class='ocr_line' id='line_1_11' title="bbox 268 1715 1427 1824; baseline -0.001 -34"><span class='ocrx_word' id='word_1_96' title='bbox 268 1718 390 1807; x_wconf 74' lang='grc' dir='ltr'>οδγδρ</span> <span class='ocrx_word' id='word_1_97' title='bbox 413 1715 490 1789; x_wconf 75' lang='grc' dir='ltr'>τάπὶ</span> <span class='ocrx_word' id='word_1_98' title='bbox 512 1726 692 1812; x_wconf 77' lang='grc' dir='ltr'><strong><em>Χαριξένης</em></strong></span> <span class='ocrx_word' id='word_1_99' title='bbox 715 1716 898 1824; x_wconf 35' lang='grc' dir='ltr'>τάδ’·ἒοτίν.</span> <span class='ocrx_word' id='word_1_100' title='bbox 946 1723 1104 1808; x_wconf 86' lang='lat' dir='ltr'>Hesyoh.:</span> <span class='ocrx_word' id='word_1_101' title='bbox 1140 1716 1221 1803; x_wconf 59' lang='grc' dir='ltr'>»ἐπὶ</span> <span class='ocrx_word' id='word_1_102' title='bbox 1247 1725 1372 1807; x_wconf 83' lang='grc' dir='ltr'><strong><em>μωρίας</em></strong></span> <span class='ocrx_word' id='word_1_103' title='bbox 1424 1743 1427 1752; x_wconf 88' lang='grc'>’</span> 
     </span>
    </p>
   </div>
   <div class='ocr_carea' id='block_1_6' title="bbox 264 1823 1370 2669">
    <p class='ocr_par' dir='ltr' id='par_1_6' title="bbox 264 1823 1370 2669">
     <span class='ocr_line' id='line_1_12' title="bbox 264 1823 1370 1920; baseline 0 -24"><span class='ocrx_word' id='word_1_104' title='bbox 264 1825 350 1918; x_wconf 76' lang='grc' dir='ltr'>ἦΧ.</span> <span class='ocrx_word' id='word_1_105' title='bbox 376 1824 572 1920; x_wconf 69' lang='grc' dir='ltr'>διεβεβόητο·</span> <span class='ocrx_word' id='word_1_106' title='bbox 606 1823 724 1913; x_wconf 80' lang='grc' dir='ltr'><strong><em>α’ρχαία</em></strong></span> <span class='ocrx_word' id='word_1_107' title='bbox 760 1825 857 1897; x_wconf 82' lang='grc' dir='ltr'>οὐσα·Ι</span> <span class='ocrx_word' id='word_1_108' title='bbox 888 1827 951 1896; x_wconf 82' lang='grc' dir='ltr'><strong><em>ἔστι</em></strong></span> <span class='ocrx_word' id='word_1_109' title='bbox 981 1827 1093 1896; x_wconf 78' lang='grc' dir='ltr'><strong><em>δὲκαὶ</em></strong></span> <span class='ocrx_word' id='word_1_110' title='bbox 1117 1831 1291 1915; x_wconf 82' lang='grc' dir='ltr'><strong><em>παροιμία,</em></strong></span> <span class='ocrx_word' id='word_1_111' title='bbox 1317 1823 1370 1896; x_wconf 76' lang='grc' dir='ltr'>οἷα</span> 
     </span>
     <span class='ocr_line' id='line_1_13' title="bbox 266 1931 1369 2027; baseline -0.003 -24"><span class='ocrx_word' id='word_1_112' title='bbox 266 1933 304 2003; x_wconf 83' lang='grc' dir='ltr'>νδ</span> <span class='ocrx_word' id='word_1_113' title='bbox 327 1931 383 2003; x_wconf 81' lang='grc' dir='ltr'>ἐπὶ</span> <span class='ocrx_word' id='word_1_114' title='bbox 397 1935 613 2027; x_wconf 78' lang='grc' dir='ltr'><strong><em>Χαριξένης“.</em></strong></span> <span class='ocrx_word' id='word_1_115' title='bbox 652 1935 725 2002; x_wconf 90' lang='grc' dir='ltr'>Ηου</span> <span class='ocrx_word' id='word_1_116' title='bbox 748 1937 820 2002; x_wconf 88' lang='lat' dir='ltr'>loeo</span> <span class='ocrx_word' id='word_1_117' title='bbox 844 1937 975 2002; x_wconf 87' lang='lat' dir='ltr'>liberius</span> <span class='ocrx_word' id='word_1_118' title='bbox 998 1937 1238 2022; x_wconf 72' lang='lat' dir='ltr'>praepositione</span> <span class='ocrx_word' id='word_1_119' title='bbox 1254 1937 1369 2003; x_wconf 86' lang='lat' dir='ltr'>relatio</span> 
     </span>
     <span class='ocr_line' id='line_1_14' title="bbox 268 2039 1370 2129; baseline 0 -19"><span class='ocrx_word' id='word_1_120' title='bbox 268 2045 309 2110; x_wconf 84' lang='lat' dir='ltr'>ad</span> <span class='ocrx_word' id='word_1_121' title='bbox 333 2045 453 2129; x_wconf 88' lang='lat' dir='ltr'>aliquid</span> <span class='ocrx_word' id='word_1_122' title='bbox 477 2043 681 2127; x_wconf 80' lang='lat' dir='ltr'>significatur,</span> <span class='ocrx_word' id='word_1_123' title='bbox 708 2044 844 2126; x_wconf 84' lang='lat' dir='ltr'>sedita,</span> <span class='ocrx_word' id='word_1_124' title='bbox 868 2051 904 2109; x_wconf 90' lang='lat' dir='ltr'>ut</span> <span class='ocrx_word' id='word_1_125' title='bbox 926 2065 1040 2110; x_wconf 87' lang='lat' dir='ltr'>nomen</span> <span class='ocrx_word' id='word_1_126' title='bbox 1064 2051 1097 2109; x_wconf 84' lang='lat' dir='ltr'>et</span> <span class='ocrx_word' id='word_1_127' title='bbox 1120 2039 1276 2128; x_wconf 81' lang='lat' dir='ltr'>particula</span> <span class='ocrx_word' id='word_1_128' title='bbox 1300 2052 1370 2110; x_wconf 88' lang='lat' dir='ltr'>arta</span> 
     </span>
     <span class='ocr_line' id='line_1_15' title="bbox 265 2151 1370 2235; baseline -0.001 -17"><span class='ocrx_word' id='word_1_129' title='bbox 265 2155 348 2218; x_wconf 83' lang='lat' dir='ltr'>iuter</span> <span class='ocrx_word' id='word_1_130' title='bbox 371 2173 406 2217; x_wconf 89' lang='lat' dir='ltr'>se</span> <span class='ocrx_word' id='word_1_131' title='bbox 423 2171 567 2218; x_wconf 79' lang='lat' dir='ltr'>connexa</span> <span class='ocrx_word' id='word_1_132' title='bbox 583 2153 661 2235; x_wconf 84' lang='lat' dir='ltr'>siut3</span> <span class='ocrx_word' id='word_1_133' title='bbox 687 2171 799 2217; x_wconf 84' lang='lat' dir='ltr'>sensus</span> <span class='ocrx_word' id='word_1_134' title='bbox 815 2154 896 2217; x_wconf 87' lang='lat' dir='ltr'>enim</span> <span class='ocrx_word' id='word_1_135' title='bbox 914 2160 977 2217; x_wconf 84' lang='lat' dir='ltr'>est:</span> <span class='ocrx_word' id='word_1_136' title='bbox 1001 2171 1086 2233; x_wconf 91' lang='lat' dir='ltr'>„non</span> <span class='ocrx_word' id='word_1_137' title='bbox 1103 2171 1172 2216; x_wconf 86' lang='lat' dir='ltr'>eum</span> <span class='ocrx_word' id='word_1_138' title='bbox 1188 2151 1370 2217; x_wconf 86' lang='lat' dir='ltr'>Oharixeua</span> 
     </span>
     <span class='ocr_line' id='line_1_16' title="bbox 264 2255 1370 2345; baseline 0.002 -21"><span class='ocrx_word' id='word_1_139' title='bbox 264 2260 322 2325; x_wconf 88' lang='lat' dir='ltr'>tibi</span> <span class='ocrx_word' id='word_1_140' title='bbox 349 2280 404 2325; x_wconf 87' lang='lat' dir='ltr'>res</span> <span class='ocrx_word' id='word_1_141' title='bbox 433 2255 563 2343; x_wconf 53' lang='lat' dir='ltr'>erute)</span> <span class='ocrx_word' id='word_1_142' title='bbox 614 2257 678 2324; x_wconf 86' lang='lat' dir='ltr'>Sed</span> <span class='ocrx_word' id='word_1_143' title='bbox 711 2261 984 2345; x_wconf 67' lang='lat' dir='ltr'>praepositionem</span> <span class='ocrx_word' id='word_1_144' title='bbox 1013 2260 1064 2324; x_wconf 90' lang='lat' dir='ltr'>hie</span> <span class='ocrx_word' id='word_1_145' title='bbox 1093 2258 1187 2322; x_wconf 84' lang='lat' dir='ltr'>etiam</span> <span class='ocrx_word' id='word_1_146' title='bbox 1222 2259 1370 2344; x_wconf 82' lang='lat' dir='ltr'>accipere</span> 
     </span>
     <span class='ocr_line' id='line_1_17' title="bbox 265 2366 1370 2452; baseline 0 -20"><span class='ocrx_word' id='word_1_147' title='bbox 265 2368 370 2451; x_wconf 85' lang='lat' dir='ltr'>possis</span> <span class='ocrx_word' id='word_1_148' title='bbox 398 2387 458 2452; x_wconf 91' lang='lat' dir='ltr'>pro</span> <span class='ocrx_word' id='word_1_149' title='bbox 488 2387 569 2432; x_wconf 85' lang='lat' dir='ltr'>vooe</span> <span class='ocrx_word' id='word_1_150' title='bbox 592 2367 707 2433; x_wconf 84' lang='lat' dir='ltr'>Latina</span> <span class='ocrx_word' id='word_1_151' title='bbox 737 2366 849 2450; x_wconf 89' lang='lat' dir='ltr'>„sub“‚</span> <span class='ocrx_word' id='word_1_152' title='bbox 885 2369 930 2431; x_wconf 83' lang='lat' dir='ltr'>itu</span> <span class='ocrx_word' id='word_1_153' title='bbox 958 2373 993 2430; x_wconf 89' lang='lat' dir='ltr'>ut</span> <span class='ocrx_word' id='word_1_154' title='bbox 1020 2366 1228 2451; x_wconf 85' lang='lat' dir='ltr'>temporalem</span> <span class='ocrx_word' id='word_1_155' title='bbox 1251 2367 1370 2434; x_wconf 85' lang='lat' dir='ltr'>habeat</span> 
     </span>
     <span class='ocr_line' id='line_1_18' title="bbox 269 2469 1370 2557; baseline 0.002 -19"><span class='ocrx_word' id='word_1_156' title='bbox 269 2481 391 2538; x_wconf 84' lang='lat' dir='ltr'>sensum</span> <span class='ocrx_word' id='word_1_157' title='bbox 418 2499 447 2529; x_wconf 89' lang='lat'>=</span> <span class='ocrx_word' id='word_1_158' title='bbox 475 2496 562 2555; x_wconf 86' lang='lat' dir='ltr'>„nou</span> <span class='ocrx_word' id='word_1_159' title='bbox 585 2477 642 2540; x_wconf 91' lang='lat' dir='ltr'>sub</span> <span class='ocrx_word' id='word_1_160' title='bbox 667 2474 848 2540; x_wconf 83' lang='lat' dir='ltr'>Obarixeua</span> <span class='ocrx_word' id='word_1_161' title='bbox 870 2471 951 2538; x_wconf 79' lang='lat' dir='ltr'>haee</span> <span class='ocrx_word' id='word_1_162' title='bbox 974 2469 1090 2538; x_wconf 88' lang='lat' dir='ltr'>fiunt“.</span> <span class='ocrx_word' id='word_1_163' title='bbox 1131 2473 1187 2538; x_wconf 71' lang='lat' dir='ltr'>&#39;Da</span> <span class='ocrx_word' id='word_1_164' title='bbox 1216 2494 1278 2557; x_wconf 92' lang='lat' dir='ltr'>quo</span> <span class='ocrx_word' id='word_1_165' title='bbox 1310 2495 1370 2540; x_wconf 90' lang='lat' dir='ltr'>usu</span> 
     </span>
     <span class='ocr_line' id='line_1_19' title="bbox 268 2583 588 2669; baseline 0.003 -22"><span class='ocrx_word' id='word_1_166' title='bbox 268 2583 375 2667; x_wconf 88' lang='lat' dir='ltr'>paullo</span> <span class='ocrx_word' id='word_1_167' title='bbox 397 2589 473 2669; x_wconf 91' lang='lat' dir='ltr'>post</span> <span class='ocrx_word' id='word_1_168' title='bbox 495 2583 588 2648; x_wconf 87' lang='lat' dir='ltr'>iufra.</span> 
     </span>
    </p>
   </div>
   <div class='ocr_carea' id='block_1_7' title="bbox 355 2702 1369 2792">
    <p class='ocr_par' dir='ltr' id='par_1_7' title="bbox 355 2702 1369 2792">
     <span class='ocr_line' id='line_1_20' title="bbox 355 2702 1369 2792; baseline 0 -19"><span class='ocrx_word' id='word_1_169' title='bbox 355 2709 553 2792; x_wconf 84' lang='lat' dir='ltr'>Progredior</span> <span class='ocrx_word' id='word_1_170' title='bbox 587 2709 628 2772; x_wconf 90' lang='lat' dir='ltr'>ad</span> <span class='ocrx_word' id='word_1_171' title='bbox 663 2707 762 2772; x_wconf 86' lang='lat' dir='ltr'>verba</span> <span class='ocrx_word' id='word_1_172' title='bbox 795 2705 956 2787; x_wconf 86' lang='lat' dir='ltr'>movendi,</span> <span class='ocrx_word' id='word_1_173' title='bbox 993 2706 1178 2789; x_wconf 82' lang='lat' dir='ltr'>quibuscum</span> <span class='ocrx_word' id='word_1_174' title='bbox 1213 2702 1270 2774; x_wconf 78' lang='grc' dir='ltr'>ἐπί</span> <span class='ocrx_word' id='word_1_175' title='bbox 1296 2725 1369 2773; x_wconf 59' lang='lat' dir='ltr'>oon*</span> 
     </span>
    </p>
   </div>
   <div class='ocr_carea' id='block_1_8' title="bbox 265 2807 1465 2900">
    <p class='ocr_par' dir='ltr' id='par_1_8' title="bbox 265 2807 1465 2900">
     <span class='ocr_line' id='line_1_21' title="bbox 265 2807 1465 2900; baseline 0.001 -20"><span class='ocrx_word' id='word_1_176' title='bbox 265 2824 422 2882; x_wconf 80' lang='lat' dir='ltr'>structum</span> <span class='ocrx_word' id='word_1_177' title='bbox 457 2817 626 2900; x_wconf 88' lang='lat' dir='ltr'>reperitur.</span> <span class='ocrx_word' id='word_1_178' title='bbox 685 2813 779 2879; x_wconf 85' lang='lat' dir='ltr'>Haeo</span> <span class='ocrx_word' id='word_1_179' title='bbox 814 2821 955 2878; x_wconf 84' lang='lat' dir='ltr'>exstant:</span> <span class='ocrx_word' id='word_1_180' title='bbox 991 2815 1085 2880; x_wconf 76' lang='grc' dir='ltr'><strong><em>πλεῖν</em></strong></span> <span class='ocrx_word' id='word_1_181' title='bbox 1120 2807 1175 2880; x_wconf 81' lang='grc' dir='ltr'>ἐπὶ</span> <span class='ocrx_word' id='word_1_182' title='bbox 1210 2811 1305 2899; x_wconf 80' lang='grc' dir='ltr'><strong><em>ῥιπός</em></strong></span> <span class='ocrx_word' id='word_1_183' title='bbox 1336 2841 1365 2871; x_wconf 89' lang='grc'>--</span> <span class='ocrx_word' id='word_1_184' title='bbox 1460 2810 1465 2822; x_wconf 78' lang='grc'><em>’</em></span> 
     </span>
    </p>
   </div>
   <div class='ocr_carea' id='block_1_9' title="bbox 265 2916 1365 3008">
    <p class='ocr_par' dir='ltr' id='par_1_9' title="bbox 265 2916 1365 3008">
     <span class='ocr_line' id='line_1_22' title="bbox 265 2916 1365 3008; baseline -0.003 -19"><span class='ocrx_word' id='word_1_185' title='bbox 265 2923 343 3002; x_wconf 82' lang='lat' dir='ltr'>„auf</span> <span class='ocrx_word' id='word_1_186' title='bbox 376 2924 464 2989; x_wconf 86' lang='lat' dir='ltr'>eiuer</span> <span class='ocrx_word' id='word_1_187' title='bbox 498 2923 717 2987; x_wconf 88' lang='lat' dir='ltr'>Binsenmatte</span> <span class='ocrx_word' id='word_1_188' title='bbox 754 2919 908 2986; x_wconf 86' lang='lat' dir='ltr'>suhiffen“</span> <span class='ocrx_word' id='word_1_189' title='bbox 946 2921 1020 2986; x_wconf 85' lang='lat' dir='ltr'>Pae.</span> <span class='ocrx_word' id='word_1_190' title='bbox 1047 2919 1120 2984; x_wconf 88' lang='grc'>699.</span> <span class='ocrx_word' id='word_1_191' title='bbox 1159 2916 1287 2988; x_wconf 80' lang='grc' dir='ltr'><em>διώκειν</em></span> <span class='ocrx_word' id='word_1_192' title='bbox 1310 2917 1365 3008; x_wconf 81' lang='grc' dir='ltr'>ἐφ’</span> 
     </span>
    </p>
   </div>
   <div class='ocr_carea' id='block_1_10' title="bbox 147 3013 1521 3222">
    <p class='ocr_par' dir='ltr' id='par_1_10' title="bbox 147 3013 1521 3222">
     <span class='ocr_line' id='line_1_23' title="bbox 265 3013 1521 3115; baseline 0.002 -20"><span class='ocrx_word' id='word_1_193' title='bbox 265 3013 403 3113; x_wconf 77' lang='grc' dir='ltr'><strong><em>ἅρματος</em></strong></span> <span class='ocrx_word' id='word_1_194' title='bbox 425 3031 485 3113; x_wconf 76' lang='grc' dir='ltr'>Ερ.</span> <span class='ocrx_word' id='word_1_195' title='bbox 510 3029 584 3093; x_wconf 88' lang='grc'>968.</span> <span class='ocrx_word' id='word_1_196' title='bbox 610 3030 761 3095; x_wconf 81' lang='grc' dir='ltr'>παλαίειν</span> <span class='ocrx_word' id='word_1_197' title='bbox 783 3023 838 3094; x_wconf 80' lang='grc' dir='ltr'>ἐπὶ</span> <span class='ocrx_word' id='word_1_198' title='bbox 862 3025 918 3115; x_wconf 78' lang='grc' dir='ltr'>γῆς</span> <span class='ocrx_word' id='word_1_199' title='bbox 942 3029 1017 3092; x_wconf 85' lang='lat' dir='ltr'>Pac.</span> <span class='ocrx_word' id='word_1_200' title='bbox 1043 3025 1116 3091; x_wconf 85' lang='lat'>896.</span> <span class='ocrx_word' id='word_1_201' title='bbox 1143 3028 1295 3112; x_wconf 73' lang='grc' dir='ltr'><strong><em>αἴρεσθαι</em></strong></span> <span class='ocrx_word' id='word_1_202' title='bbox 1313 3025 1368 3097; x_wconf 80' lang='grc' dir='ltr'>ἐπὶ</span> <span class='ocrx_word' id='word_1_203' title='bbox 1463 3071 1468 3084; x_wconf 89' lang='lat'><strong>·</strong></span> <span class='ocrx_word' id='word_1_204' title='bbox 1517 3047 1521 3056; x_wconf 87' lang='lat'>&#39;</span> 
     </span>
     <span class='ocr_line' id='line_1_24' title="bbox 147 3128 1463 3222; baseline -0.001 -19"><span class='ocrx_word' id='word_1_205' title='bbox 147 3211 149 3218; x_wconf 50' lang='grc'>,</span> <span class='ocrx_word' id='word_1_206' title='bbox 265 3134 320 3203; x_wconf 82' lang='grc' dir='ltr'><em>ιοῦ</em></span> <span class='ocrx_word' id='word_1_207' title='bbox 342 3132 511 3222; x_wconf 74' lang='grc' dir='ltr'><strong><em>κανθάρου</em></strong></span> <span class='ocrx_word' id='word_1_208' title='bbox 538 3137 580 3200; x_wconf 91' lang='lat' dir='ltr'>ib.</span> <span class='ocrx_word' id='word_1_209' title='bbox 606 3137 658 3199; x_wconf 89' lang='lat'>81.</span> <span class='ocrx_word' id='word_1_210' title='bbox 689 3139 867 3221; x_wconf 75' lang='grc' dir='ltr'><strong><em>διαβαίνειν</em></strong></span> <span class='ocrx_word' id='word_1_211' title='bbox 891 3128 945 3202; x_wconf 77' lang='grc' dir='ltr'>ἐπὶ</span> <span class='ocrx_word' id='word_1_212' title='bbox 967 3133 1029 3200; x_wconf 76' lang='grc' dir='ltr'><strong><em>τοῖν</em></strong></span> <span class='ocrx_word' id='word_1_213' title='bbox 1052 3128 1191 3220; x_wconf 80' lang='grc' dir='ltr'><strong><em>κελήτων</em></strong></span> <span class='ocrx_word' id='word_1_214' title='bbox 1214 3137 1289 3221; x_wconf 71' lang='lat' dir='ltr'>Lys,</span> <span class='ocrx_word' id='word_1_215' title='bbox 1315 3137 1368 3203; x_wconf 91' lang='grc'>60.</span> <span class='ocrx_word' id='word_1_216' title='bbox 1461 3207 1463 3212; x_wconf 68' lang='lat'>,</span> 
     </span>
    </p>
   </div>
   <div class='ocr_carea' id='block_1_11' title="bbox 266 3235 1373 3329">
    <p class='ocr_par' dir='ltr' id='par_1_11' title="bbox 266 3235 1373 3329">
     <span class='ocr_line' id='line_1_25' title="bbox 266 3235 1373 3329; baseline 0.001 -19"><span class='ocrx_word' id='word_1_217' title='bbox 266 3248 423 3310; x_wconf 76' lang='grc' dir='ltr'><strong><em>πέτεσθαι</em></strong></span> <span class='ocrx_word' id='word_1_218' title='bbox 460 3237 514 3310; x_wconf 77' lang='grc' dir='ltr'>ἐπὶ</span> <span class='ocrx_word' id='word_1_219' title='bbox 550 3237 712 3323; x_wconf 73' lang='grc' dir='ltr'><strong><em>στρούθου</em></strong></span> <span class='ocrx_word' id='word_1_220' title='bbox 745 3244 787 3307; x_wconf 89' lang='lat' dir='ltr'>ib.</span> <span class='ocrx_word' id='word_1_221' title='bbox 814 3241 888 3307; x_wconf 80' lang='lat'><strong>723.</strong></span> <span class='ocrx_word' id='word_1_222' title='bbox 922 3240 1076 3308; x_wconf 73' lang='grc' dir='ltr'><strong><em>ἕλκεσθαι</em></strong></span> <span class='ocrx_word' id='word_1_223' title='bbox 1099 3235 1154 3308; x_wconf 78' lang='grc' dir='ltr'>ἐπὶ</span> <span class='ocrx_word' id='word_1_224' title='bbox 1176 3242 1233 3309; x_wconf 76' lang='grc' dir='ltr'>τοῦ</span> <span class='ocrx_word' id='word_1_225' title='bbox 1254 3244 1373 3329; x_wconf 77' lang='grc' dir='ltr'><strong><em>τροχοῦ</em></strong></span> 
     </span>
    </p>
   </div>
   <div class='ocr_carea' id='block_1_12' title="bbox 265 3325 1509 3436">
    <p class='ocr_par' dir='ltr' id='par_1_12' title="bbox 265 3325 1509 3436">
     <span class='ocr_line' id='line_1_26' title="bbox 265 3325 1509 3436; baseline 0.001 -22"><span class='ocrx_word' id='word_1_226' title='bbox 265 3351 340 3418; x_wconf 72' lang='lat' dir='ltr'>Pae.</span> <span class='ocrx_word' id='word_1_227' title='bbox 372 3350 448 3416; x_wconf 72' lang='grc' dir='ltr'><strong><em>νου.</em></strong></span> <span class='ocrx_word' id='word_1_228' title='bbox 485 3348 718 3436; x_wconf 56' lang='lat' dir='ltr'>usurpassem</span> <span class='ocrx_word' id='word_1_229' title='bbox 755 3344 809 3416; x_wconf 73' lang='lat' dir='ltr'>oa</span> <span class='ocrx_word' id='word_1_230' title='bbox 843 3345 961 3433; x_wconf 61' lang='grc' dir='ltr'><strong><em>τροχοῦ</em></strong></span> <span class='ocrx_word' id='word_1_231' title='bbox 994 3349 1069 3433; x_wconf 74' lang='lat' dir='ltr'>uys.</span> <span class='ocrx_word' id='word_1_232' title='bbox 1099 3347 1174 3414; x_wconf 77' lang='lat' dir='ltr'>aro.</span> <span class='ocrx_word' id='word_1_233' title='bbox 1210 3351 1259 3415; x_wconf 81' lang='lat' dir='ltr'>rr.</span> <span class='ocrx_word' id='word_1_234' title='bbox 1292 3351 1391 3418; x_wconf 79' lang='lat' dir='ltr'>ero..</span> <span class='ocrx_word' id='word_1_235' title='bbox 1506 3325 1509 3332; x_wconf 85' lang='grc'><strong><em>’</em></strong></span> 
     </span>
    </p>
   </div>
   <div class='ocr_carea' id='block_1_13' title="bbox 264 3451 1371 3996">
    <p class='ocr_par' dir='ltr' id='par_1_13' title="bbox 264 3451 1367 3652">
     <span class='ocr_line' id='line_1_27' title="bbox 265 3451 1367 3546; baseline 0.002 -24"><span class='ocrx_word' id='word_1_236' title='bbox 265 3457 486 3543; x_wconf 87' lang='lat' dir='ltr'>Metaphurioe</span> <span class='ocrx_word' id='word_1_237' title='bbox 510 3459 626 3523; x_wconf 88' lang='lat' dir='ltr'>dietum</span> <span class='ocrx_word' id='word_1_238' title='bbox 651 3465 701 3523; x_wconf 88' lang='lat' dir='ltr'>est</span> <span class='ocrx_word' id='word_1_239' title='bbox 724 3457 784 3540; x_wconf 82' lang='lat' dir='ltr'>Eq.</span> <span class='ocrx_word' id='word_1_240' title='bbox 814 3456 898 3521; x_wconf 79' lang='lat'>1244</span> <span class='ocrx_word' id='word_1_241' title='bbox 921 3452 1022 3546; x_wconf 76' lang='grc' dir='ltr'><strong><em>λεπτή</em></strong></span> <span class='ocrx_word' id='word_1_242' title='bbox 1044 3480 1089 3530; x_wconf 83' lang='grc' dir='ltr'>τις</span> <span class='ocrx_word' id='word_1_243' title='bbox 1112 3452 1205 3531; x_wconf 78' lang='grc' dir='ltr'><strong><em>ἐλπίς</em></strong></span> <span class='ocrx_word' id='word_1_244' title='bbox 1227 3451 1289 3524; x_wconf 76' lang='grc' dir='ltr'><strong>ἔστ’</strong></span> <span class='ocrx_word' id='word_1_245' title='bbox 1313 3452 1367 3543; x_wconf 81' lang='grc' dir='ltr'>ἐφ’</span> 
     </span>
     <span class='ocr_line' id='line_1_28' title="bbox 264 3549 782 3652; baseline -0.002 -20"><span class='ocrx_word' id='word_1_246' title='bbox 264 3549 304 3652; x_wconf 72' lang='grc' dir='ltr'>ἧς</span> <span class='ocrx_word' id='word_1_247' title='bbox 327 3559 497 3651; x_wconf 69' lang='grc' dir='ltr'><strong><em>ὀχούμεθα</em></strong></span> <span class='ocrx_word' id='word_1_248' title='bbox 506 3590 513 3649; x_wconf 83' lang='grc'>;</span> <span class='ocrx_word' id='word_1_249' title='bbox 539 3565 579 3629; x_wconf 83' lang='lat' dir='ltr'>uf.</span> <span class='ocrx_word' id='word_1_250' title='bbox 604 3565 681 3650; x_wconf 73' lang='lat' dir='ltr'>urg.</span> <span class='ocrx_word' id='word_1_251' title='bbox 709 3565 782 3631; x_wconf 84' lang='lat'><strong>198.</strong></span> 
     </span>
    </p>

    <p class='ocr_par' dir='ltr' id='par_1_14' title="bbox 264 3688 1371 3996">
     <span class='ocr_line' id='line_1_29' title="bbox 354 3688 1369 3776; baseline -0.002 -20"><span class='ocrx_word' id='word_1_252' title='bbox 354 3691 546 3757; x_wconf 87' lang='lat' dir='ltr'>Notissimus</span> <span class='ocrx_word' id='word_1_253' title='bbox 576 3699 626 3757; x_wconf 89' lang='lat' dir='ltr'>est</span> <span class='ocrx_word' id='word_1_254' title='bbox 653 3711 728 3756; x_wconf 91' lang='lat' dir='ltr'>usus</span> <span class='ocrx_word' id='word_1_255' title='bbox 756 3690 957 3776; x_wconf 87' lang='lat' dir='ltr'>temporalis,</span> <span class='ocrx_word' id='word_1_256' title='bbox 988 3697 1023 3756; x_wconf 94' lang='lat' dir='ltr'>ut</span> <span class='ocrx_word' id='word_1_257' title='bbox 1050 3691 1097 3755; x_wconf 88' lang='lat' dir='ltr'>ita</span> <span class='ocrx_word' id='word_1_258' title='bbox 1124 3689 1242 3770; x_wconf 85' lang='lat' dir='ltr'>diuam,</span> <span class='ocrx_word' id='word_1_259' title='bbox 1278 3688 1369 3754; x_wconf 91' lang='lat' dir='ltr'>huius</span> 
     </span>
     <span class='ocr_line' id='line_1_30' title="bbox 265 3791 1369 3882; baseline -0.001 -20"><span class='ocrx_word' id='word_1_260' title='bbox 265 3798 374 3864; x_wconf 85' lang='lat' dir='ltr'>modi:¹</span> <span class='ocrx_word' id='word_1_261' title='bbox 390 3793 441 3865; x_wconf 74' lang='grc' dir='ltr'>ἐπ’</span> <span class='ocrx_word' id='word_1_262' title='bbox 460 3795 673 3882; x_wconf 76' lang='grc' dir='ltr'><strong><em>Εὐθυμένους</em></strong></span> <span class='ocrx_word' id='word_1_263' title='bbox 696 3793 849 3882; x_wconf 86' lang='grc' dir='ltr'><strong><em>ἄρχοντος</em></strong></span> <span class='ocrx_word' id='word_1_264' title='bbox 871 3799 952 3863; x_wconf 78' lang='lat' dir='ltr'>Aah.</span> <span class='ocrx_word' id='word_1_265' title='bbox 977 3796 1031 3862; x_wconf 84' lang='lat'>67.</span> <span class='ocrx_word' id='word_1_266' title='bbox 1060 3795 1110 3864; x_wconf 79' lang='grc' dir='ltr'>ἐπ’</span> <span class='ocrx_word' id='word_1_267' title='bbox 1135 3794 1215 3882; x_wconf 78' lang='grc' dir='ltr'><strong><em>ἐμῆς</em></strong></span> <span class='ocrx_word' id='word_1_268' title='bbox 1237 3818 1272 3878; x_wconf 80' lang='grc' dir='ltr'>γε</span> <span class='ocrx_word' id='word_1_269' title='bbox 1299 3791 1369 3862; x_wconf 80' lang='grc' dir='ltr'><strong><em>νεό-</em></strong></span> 
     </span>
     <span class='ocr_line' id='line_1_31' title="bbox 264 3897 1371 3996; baseline -0.004 -24"><span class='ocrx_word' id='word_1_270' title='bbox 264 3929 354 3996; x_wconf 78' lang='grc' dir='ltr'><strong><em>τητος</em></strong></span> <span class='ocrx_word' id='word_1_271' title='bbox 377 3907 420 3969; x_wconf 86' lang='lat' dir='ltr'>ib.</span> <span class='ocrx_word' id='word_1_272' title='bbox 446 3903 527 3990; x_wconf 77' lang='lat'>2143</span> <span class='ocrx_word' id='word_1_273' title='bbox 554 3905 594 3970; x_wconf 85' lang='lat' dir='ltr'>es.</span> <span class='ocrx_word' id='word_1_274' title='bbox 610 3905 710 3991; x_wconf 82' lang='lat' dir='ltr'>Vesp.</span> <span class='ocrx_word' id='word_1_275' title='bbox 730 3903 825 3968; x_wconf 90' lang='grc'>1199.</span> <span class='ocrx_word' id='word_1_276' title='bbox 849 3901 901 3990; x_wconf 80' lang='grc' dir='ltr'>ἐφ’</span> <span class='ocrx_word' id='word_1_277' title='bbox 922 3899 1002 3995; x_wconf 80' lang='grc' dir='ltr'><strong><em>ἥβης</em></strong></span> <span class='ocrx_word' id='word_1_278' title='bbox 1016 3904 1076 3987; x_wconf 70' lang='lat' dir='ltr'>Rq.</span> <span class='ocrx_word' id='word_1_279' title='bbox 1093 3902 1168 3967; x_wconf 81' lang='lat'><strong>524.</strong></span> <span class='ocrx_word' id='word_1_280' title='bbox 1192 3899 1246 3968; x_wconf 80' lang='grc' dir='ltr'>ἐπὶ</span> <span class='ocrx_word' id='word_1_281' title='bbox 1266 3897 1371 3989; x_wconf 80' lang='grc' dir='ltr'><strong><em>γήρως</em></strong></span> 
     </span>
    </p>
   </div>
   <div class='ocr_carea' id='block_1_14' title="bbox 265 4129 1372 4378">
    <p class='ocr_par' dir='ltr' id='par_1_15' title="bbox 265 4129 1372 4378">
     <span class='ocr_line' id='line_1_32' title="bbox 339 4129 1371 4204; baseline -0.006 -14"><span class='ocrx_word' id='word_1_282' title='bbox 339 4134 367 4202; x_wconf 66' lang='grc'>6)</span> <span class='ocrx_word' id='word_1_283' title='bbox 396 4135 503 4190; x_wconf 80' lang='lat' dir='ltr'>Similia</span> <span class='ocrx_word' id='word_1_284' title='bbox 522 4134 688 4204; x_wconf 78' lang='lat' dir='ltr'>collegerunt</span> <span class='ocrx_word' id='word_1_285' title='bbox 705 4134 893 4199; x_wconf 75' lang='lat' dir='ltr'>Buttmannus</span> <span class='ocrx_word' id='word_1_286' title='bbox 913 4132 960 4188; x_wconf 79' lang='lat' dir='ltr'>Gr.</span> <span class='ocrx_word' id='word_1_287' title='bbox 980 4131 1026 4186; x_wconf 81' lang='lat' dir='ltr'>Gr.</span> <span class='ocrx_word' id='word_1_288' title='bbox 1047 4129 1112 4197; x_wconf 72' lang='lat'>4833</span> <span class='ocrx_word' id='word_1_289' title='bbox 1131 4130 1242 4196; x_wconf 84' lang='lat' dir='ltr'>Buttm,</span> <span class='ocrx_word' id='word_1_290' title='bbox 1263 4130 1371 4186; x_wconf 83' lang='lat' dir='ltr'>Grieeh.</span> 
     </span>
     <span class='ocr_line' id='line_1_33' title="bbox 265 4219 1372 4295; baseline -0.002 -17"><span class='ocrx_word' id='word_1_291' title='bbox 265 4223 365 4295; x_wconf 82' lang='lat' dir='ltr'>Praep.</span> <span class='ocrx_word' id='word_1_292' title='bbox 397 4224 425 4280; x_wconf 91' lang='lat' dir='ltr'>iu</span> <span class='ocrx_word' id='word_1_293' title='bbox 456 4239 545 4295; x_wconf 74' lang='lat' dir='ltr'>progr.</span> <span class='ocrx_word' id='word_1_294' title='bbox 577 4223 685 4278; x_wconf 80' lang='lat' dir='ltr'>Prsual.</span> <span class='ocrx_word' id='word_1_295' title='bbox 714 4221 799 4288; x_wconf 79' lang='grc'>1868,</span> <span class='ocrx_word' id='word_1_296' title='bbox 822 4239 858 4293; x_wconf 85' lang='lat' dir='ltr'>·p.</span> <span class='ocrx_word' id='word_1_297' title='bbox 888 4219 930 4275; x_wconf 78' lang='lat'>14.</span> <span class='ocrx_word' id='word_1_298' title='bbox 962 4220 1072 4290; x_wconf 77' lang='lat' dir='ltr'>Papius</span> <span class='ocrx_word' id='word_1_299' title='bbox 1102 4219 1372 4276; x_wconf 63' lang='lat' dir='ltr'>suasu-Deusara</span> 
     </span>
     <span class='ocr_line' id='line_1_34' title="bbox 265 4309 509 4378; baseline 0.004 -11"><span class='ocrx_word' id='word_1_300' title='bbox 265 4309 374 4378; x_wconf 58' lang='lat' dir='ltr'>Lox01,</span> <span class='ocrx_word' id='word_1_301' title='bbox 394 4311 455 4367; x_wconf 83' lang='lat'><strong>816.</strong></span> <span class='ocrx_word' id='word_1_302' title='bbox 476 4340 509 4352; x_wconf 92' lang='lat'><em>-</em></span> 
     </span>
    </p>
   </div>
   <div class='ocr_carea' id='block_1_15' title="bbox 0 0 1581 4984">
    <p class='ocr_par' dir='ltr' id='par_1_16' title="bbox 0 0 1581 4984">
     <span class='ocr_line' id='line_1_35' title="bbox 0 0 1581 4984; baseline 0 0"><span class='ocrx_word' id='word_1_303' title='bbox 0 0 1581 4984; x_wconf 95' lang='lat' dir='ltr'> </span> 
     </span>
    </p>
   </div>
  </div>
 </body>
</html>
