3148 4984
732 491 955 556 ..32-

294 675 428 750 lusco
450 679 529 748 hooc
551 681 659 762 verba,
684 703 817 766 quorum
840 695 1003 772 postremo
1027 697 1212 756 enumerata
1235 691 1391 756 panstato

293 803 387 855 contu
428 786 571 854 adhibita
604 795 692 872 sunt,
732 793 830 858 liceat
865 796 941 860 mihi
975 798 1091 862 afferre
1125 791 1284 865 ἅλλεσθαι
1319 798 1391 864 ποσὶ

294 885 398 975 αυγάν
425 893 500 980 Lys.
525 893 566 958 82
599 896 717 977 „salire
745 895 859 984 (pedes
883 898 1003 988 iacere)
1026 924 1126 989 usqne
1150 905 1191 968 ad
1215 903 1391 991 podicem“.

293 993 499 1084 ἀσκωλιάζειν
526 999 606 1089 πρὸς
628 999 685 1090 νῆν
708 1007 844 1091 αίθρίαν
865 1010 911 1075 Pl.
932 1010 1016 1074 1129
1042 1012 1158 1092 „salire
1177 1013 1234 1076 sub
1251 1011 1393 1094 divum“;

292 1105 332 1174 οί.
359 1107 437 1176 Ηοι·.
456 1111 559 1176 Coum.
583 1111 611 1189 I,
644 1110 683 1174 18
710 1116 788 1194 „sub
806 1116 909 1183 divum
925 1118 1073 1203 rapere“.
1113 1113 1274 1205 πρόκρυον
1290 1115 1390 1186 ποινά

291 1211 373 1282 κάλα
404 1217 479 1304 Lys.
513 1216 610 1299 1253,
646 1220 700 1284 ubi
733 1243 842 1289 vocem
874 1220 1049 1310 πράκροον,
1086 1225 1234 1291 Doricam
1262 1227 1393 1292 sormam

293 1342 352 1412 pro
370 1321 583 1411 προάκρουον,
600 1332 676 1412 apte
691 1337 800 1396 vertas
818 1335 904 1414 „acri
920 1334 1040 1418 impetu
1056 1334 1173 1416 invehi,
1189 1335 1311 1398 irruere
1328 1333 1392 1398 iu“.
1506 1325 1507 1328 ¹

383 1468 457 1536 Hoc
481 1471 626 1554 exemplo
649 1471 743 1540 facile
766 1483 897 1541 transeo
920 1477 961 1541 sd
982 1476 1127 1542 hostilem
1145 1477 1394 1561 praepositionis

293 1594 431 1643 sensum.
493 1577 585 1656 Quod
626 1582 823 1648 enucleatius
865 1585 1068 1668 expositurus
1101 1584 1271 1647 nonnullos
1306 1585 1394 1649 locos

292 1682 408 1766 affero,
445 1705 484 1752 ex
513 1687 627 1770 quibus
660 1690 778 1775 optime
802 1693 953 1775 cognosci
975 1699 1097 1778 potest,
1132 1691 1253 1755 moveri
1277 1690 1395 1774 aliquid

293 1793 447 1858 adversus
483 1795 616 1860 hostem.
673 1797 733 1880 Eq.
757 1798 821 1862 511
859 1809 977 1884 χωρεῖν
1012 1795 1094 1885 πρὸς
1127 1794 1183 1864 τάν
1212 1793 1316 1882 Τυφῶ
1342 1798 1396 1863 καὶ

290 1895 349 1986 τήν
372 1895 519 1992 ἐριώλην.
544 1902 623 1966 Ach.
649 1903 734 1968 1134
765 1902 1000 1993 θωρήσσεσθαι
1023 1902 1104 1989 πρὸς
1126 1902 1200 1979 cotis
1222 1905 1394 1988 πολεμίους

293 2007 349 2091 (α1.
380 2008 422 2072 ib.
450 2005 560 2094 1135).
597 2012 656 2074 nv.
688 2011 774 2077 1190
808 2009 948 2096 πόλεμος
983 2014 1103 2099 αἴρεται
1137 2009 1218 2096 πρὸς
1253 2006 1310 2095 ἐμὲ
1343 2011 1390 2078 καί

293 2111 403 2189 θεούς.
428 2115 472 2184 ib.
499 2115 582 2182 1597
607 2120 750 2202 πολέμου
773 2116 884 2203 ἄρχειν
907 2117 988 2203 πρδς
1010 2115 1101 2204 ὑμᾶς.
1130 2120 1190 2184 Th.
1216 2117 1280 2182 806
1304 2119 1390 2186 πολε-

291 2227 395 2307 μίζειν
418 2222 500 2308 πρδς
522 2218 753 2318 Ἀριστομάχην.
800 2227 873 2312 Lys.
899 2227 962 2292 881
988 2228 1209 2293 δυσκολαίνειν
1230 2220 1311 2311 πρός
1328 2220 1395 2309 ε’μέ.

294 2330 376 2397 Rau.
402 2332 467 2396 ’194
495 2336 743 2416 διαγωνίζεσθαι
772 2331 852 2419 πρός
872 2338 899 2418 γ’
924 2330 1114 2426 Εὐριπίδην.
1160 2334 1234 2399 Ηυο
1256 2335 1398 2419 pertinet

296 2439 391 2504 etiam
416 2440 498 2506 Rau.
515 2439 580 2505 982
603 2438 728 2524 κράζειν
751 2438 920 2526 notisnotis
935 2444 1056 2515 οἰκέτας
1079 2442 1205 2522 „invehi
1220 2442 1253 2505 in
1268 2461 1392 2522 vernas,

289 2545 458 2632 increpare
474 2545 526 2610 v.“
564 2548 620 2614 Uti
635 2552 741 2615 verbis
757 2551 907 2630 bellandi,
925 2553 972 2616 ita
988 2549 1144 2635 oppositis
1161 2550 1267 2613 verbis
1280 2567 1396 2633 pacem

292 2653 422 2718 ineundi
455 2649 535 2739 πρός
570 2657 706 2738 additur,
743 2659 796 2742 qui
830 2659 973 2740 vulgaris
1005 2676 1080 2721 usus
1109 2657 1193 2743 apud
1222 2655 1322 2720 Arist.
1346 2655 1395 2718 his

292 2762 373 2826 locis
397 2769 546 2848 apparet:
572 2761 713 2838 σπονδάς
736 2769 905 2831 ποιεῖσθαι
929 2766 1007 2829 Ach.
1032 2762 1085 2845 52,
1106 2763 1178 2827 131.
1203 2763 1277 2844 Lys.
1298 2760 1394 2826 1006.

293 2870 352 2935 Th.
390 2871 483 2935 1161.
541 2870 627 2936 Inusi
644 2879 698 2936 ata
733 2879 783 2937 est
816 2873 936 2937 locutio
971 2866 1168 2937 διαλλάσσειν
1202 2865 1282 2955 πρὸς
1311 2864 1397 2953 ἡμᾶς

293 2971 449 3061 άνδράσιν
481 2986 683 3053 Λακωνικοῖς
716 2979 789 3063 Lys.
821 2979 895 3043 628.
953 2980 1006 3044 Ad
1042 2978 1262 3063 explicandum
1290 2976 1394 3042 locum

295 3085 403 3150 Reisk.
440 3093 587 3152 annotat:
625 3087 683 3167 „In
718 3082 915 3152 διαλλάσσειν
948 3087 1158 3169 subintelleg'c
1185 3082 1241 3172 νῄν
1269 3082 1393 3167 ἔχθραν

297 3202 352 3257 aut
378 3190 413 3258 ιδ
441 3193 566 3278 μίσος“.
625 3194 689 3260 Sed
718 3193 814 3258 nimia
842 3195 874 3258 iu
897 3195 957 3260 hac
979 3193 1245 3279 interpretatione
1270 3211 1321 3256 ars
1344 3195 1394 3254 est

294 3319 398 3384 neque
421 3301 558 3383 dubium,
583 3303 657 3384 quin
680 3321 719 3366 ea
742 3301 843 3368 dictio
868 3302 908 3367 ab
932 3303 1067 3367 omnium
1096 3301 1180 3383 quod
1205 3302 1299 3365 sciam
1317 3297 1392 3362 soni·

295 3415 423 3492 ptorum
460 3427 605 3473 sermone
629 3410 811 3474 abhorreat.
868 3409 996 3492 Ubique
1020 3410 1102 3474 enim
1126 3409 1319 3473 constructio
1344 3412 1395 3470 est

292 3509 490 3582 διαλλάσσειν
512 3511 583 3582 τινά
604 3540 665 3582 ιινι
690 3513 743 3602 (cf.
768 3517 867 3581 Thuc.
885 3515 915 3596 8,
935 3512 1001 3600 89),
1031 3501 1177 3599 quoniam
1194 3507 1393 3580 διαλλάττειν

291 3617 362 3689 ιινά
387 3625 458 3708 ipse
489 3623 589 3689 Arist.
618 3623 695 3689 dicit
722 3625 765 3689 ib.
792 3623 887 3704 1091,
921 3623 1018 3688 1104.
1077 3621 1182 3700 Quare
1205 3629 1327 3686 rectum
1350 3622 1394 3683 in·

293 3731 420 3796 uenisse
444 3730 570 3795 videtur
593 3731 742 3814 Brunck.,
772 3731 825 3815 qui
849 3725 930 3815 πρός
953 3731 1004 3796 hic
1027 3729 1171 3794 adverbii
1187 3728 1287 3793 vicem
1303 3725 1393 3810 fungi

293 3977 360 4032 flens
379 3977 413 4032 sd
431 3977 542 4048 Spittcli
561 3980 603 4035 vol
617 3979 713 4036 Pittali
731 3978 865 4035 domum‘.
897 3975 1082 4048 Supplendum
1096 3976 1165 4030 eninr
1177 3978 1220 4028 cst
1232 3973 1393 4028 vocobulum

295 4059 365 4126 οἶκος
383 4071 412 4122 ct
429 4069 531 4138 optimc
549 4069 616 4125 haec
634 4070 723 4138 lectio,
743 4067 900 4140 pracsertim
918 4082 979 4120 cum
997 4065 1102 4134 legatur
1119 4064 1189 4118 Ach.
1210 4062 1279 4117 1222
1303 4058 1328 4122 ἐς
1347 4062 1395 4114 τοῦ

293 4154 419 4208 Πιττάλου
438 4160 465 4212 et
483 4158 566 4230 Vesp.
589 4159 658 4214 1432
676 4157 713 4219 εἰς
732 4159 761 4210 νδ
781 4153 915 4219 Πιττάλου,
934 4170 972 4208 sc.
992 4151 1133 4224 φάρμακα.
1171 4153 1224 4220 Qui
1245 4153 1314 4222 πρός
1332 4152 1393 4211 τοδς

294 4248 323 4297 IL
344 4244 418 4316 legit,
436 4247 460 4302 is
479 4248 664 4319 subintellegIt
682 4248 770 4306 οἴκους
787 4246 832 4300 vei
849 4241 978 4316 μαθητάς.
1000 4273 1031 4282 -
