3148 4984
729 437 949 504 ..40-

801 635 877 715 53.

765 765 913 827 auom

376 868 652 952 Praepositionem
679 863 768 953 παρά
792 864 967 952 (Kuehner.
983 867 1025 948 II,
1051 866 1116 931 303
1135 887 1204 950 sqq.
1234 867 1396 934 Schmidt.

288 974 331 1041 55
363 970 448 1060 sqq.)
477 975 575 1040 Arist.
607 983 732 1042 centum
764 977 940 1060 nonaginta
972 983 1095 1060 septem
1129 973 1208 1040 locis
1243 983 1395 1060 usurpat:

289 1084 471 1167 genetivum
508 1083 669 1168 particula
709 1083 994 1169 undeseptuagies,
1033 1083 1171 1172 dativum
1206 1083 1396 1168 septuagies

288 1192 338 1256 bis
363 1192 485 1272 ascivit,
511 1192 610 1256 ceteri
632 1191 695 1256 loci
718 1192 932 1255 accusativum
955 1191 1122 1276 praebent.

379 1297 496 1362 Forma
530 1292 596 1382 πάρ
631 1299 729 1362 semel
764 1298 848 1384 apud
872 1297 973 1362 Arist.
997 1299 1171 1362 invenitur:
1200 1297 1273 1382 Lys.
1303 1297 1406 1362 1309·

286 1399 351 1490 πάρ
375 1400 429 1470 τὸν
451 1398 611 1490 Εὐρώταν.
658 1402 855 1488 Significatio
878 1405 1054 1491 particulae
1077 1425 1141 1470 non
1165 1425 1268 1488 aeque
1292 1405 1394 1491 plana

288 1520 339 1577 est
367 1533 459 1595 quam
487 1514 637 1597 priorum.
685 1511 782 1578 Notio
807 1512 975 1596 generalis,
1000 1519 1157 1595 quaeest
1182 1511 1321 1595 „iuxta“,
1355 1514 1392 1576 in

286 1615 354 1686 tres
386 1619 542 1706 speciales
571 1621 771 1698 distrahitur,
808 1640 848 1684 ex
870 1628 986 1684 natura
1010 1639 1139 1684 casuum
1164 1620 1274 1702 quibus
1297 1638 1389 1704 prae-

285 1728 402 1815 positio
430 1727 558 1790 additur
582 1727 735 1793 dirersas.
782 1727 930 1811 Ingenita
953 1727 1002 1807 ris
1025 1726 1272 1812 praepositionis
1295 1746 1386 1810 gene·

286 1837 354 1900 tivo
391 1833 522 1901 additae
556 1837 602 1899 ita
636 1837 791 1917 variatur,
827 1844 863 1899 ut
884 1853 953 1900 rem
974 1836 1063 1899 iuxta
1086 1833 1182 1897 aliam
1205 1853 1272 1898 rem
1296 1835 1386 1900 sitam

291 1961 331 2007 ex
354 1941 461 2024 aliquo
485 1941 557 2007 loco
578 1943 698 2008 moveri
723 1943 928 2025 significetur.
969 1939 1048 2005 Cum
1068 1941 1204 2024 legimns
1225 1943 1284 2005 Av.
1305 1939 1385 2006 1588

286 2035 514 2135 ’πρεσβεύοντες
540 2043 633 2136 ἡμεῖς
660 2043 780 2136 ἥκομεν
807 2046 894 2134 παρὰ
921 2047 983 2114 τῶν
1010 2045 1114 2128 θεῶν,
1145 2048 1206 2112 hac
1229 2049 1384 2114 locutione

289 2158 484 2242 exprimitur,
519 2156 646 2240 legatos
682 2165 777 2222 antea
811 2158 900 2222 iuxta
921 2147 1023 2238 deos,
1059 2151 1148 2242 παρὰ
1186 2164 1251 2230 τοῖς
1284 2145 1376 2236 θεοῖς,

284 2264 393 2328 luisse.
438 2263 539 2328 Nemo
574 2286 637 2330 nou
671 2265 832 2348 intellegit
868 2285 908 2329 cx
942 2264 1002 2329 hoc
1038 2264 1112 2328 loco
1149 2263 1283 2346 aliisque
1321 2267 1383 2328 eius

284 2371 382 2452 modi,
419 2379 617 2456 quantopere
656 2371 784 2436 differat
818 2365 906 2455 παρά
934 2391 952 2434 a
980 2371 1273 2455 praepositionibus
1298 2368 1333 2436 ἐκ
1357 2377 1388 2434 et

283 2469 348 2541 n’rni
374 2475 535 2542 finitimam
563 2481 726 2544 notionem
748 2479 948 2544 habentibus.
996 2477 1203 2562 Praepositio
1227 2474 1261 2543 ἐκ
1284 2477 1387 2543 locum

286 2573 445 2656 declarat,
471 2604 511 2648 ex
535 2605 596 2667 quo
621 2585 697 2668 quid
720 2594 872 2667 movetur,
898 2605 936 2649 ac
960 2585 1055 2650 docet
1079 2586 1163 2668 quod
1187 2585 1387 2649 dimoveatur

283 2690 315 2755 id
340 2697 434 2755 antea
459 2688 534 2770 „iu“
557 2711 594 2755 re
617 2691 725 2756 fuisse.
774 2691 809 2757 Si
839 2692 973 2756 dixisset
1000 2699 1098 2776 poeta
1126 2685 1247 2779 ἥκομεν
1269 2691 1304 2758 ἐκ
1325 2691 1387 2758 τῶν

283 2795 385 2879 θεῶν,
420 2799 520 2880 legati
554 2796 589 2865 ἐν
622 2809 688 2872 τοῖς
721 2803 815 2872 θεοῖς
848 2801 968 2863 versati
995 2799 1145 2875 fuissent,
1183 2819 1263 2882 quac
1288 2799 1384 2865 dictio

286 2913 372 2972 esset
395 2906 515 2990 inepta.
560 2899 633 2973 Ἀπό
660 2925 725 2970 non
751 2913 788 2971 ut
816 2903 850 2970 ἐκ
872 2906 1001 2988 indicat,
1028 2907 1145 2990 aliquid
1170 2926 1210 2971 eu
1231 2907 1384 2973 interiori·

282 3013 341 3077 bus
365 3014 413 3078 rei
436 3013 570 3096 moveri,
595 3012 652 3078 scd
676 3012 883 3097 generaliter,
915 3033 982 3078 rem
1007 3035 1024 3078 c
1047 3013 1119 3078 loco
1144 3013 1311 3078 discedere
1335 3014 1383 3078 vel

284 3121 423 3185 amoveri
435 3171 442 3203 ,
477 3122 523 3185 ita
556 3127 592 3185 nt
624 3121 701 3185 illud
730 3121 906 3207 exemplum
937 3121 1032 3186 alium
1055 3141 1181 3186 sensum
1204 3121 1378 3204 praeberet,

284 3227 315 3292 si
346 3227 465 3292 dictum
501 3234 587 3292 esset
614 3221 680 3293 ἄπὸ
708 3223 799 3294 θεῶν
824 3253 853 3282 --·
879 3250 899 3293 a
922 3229 1006 3293 deis:
1043 3250 1081 3294 eo
1105 3229 1276 3311 iudicatur,
1306 3229 1384 3294 duas

252 3411 255 3418 Ι
284 3341 397 3420 partes
431 3336 588 3419 separari,
625 3354 706 3419 quae
739 3337 823 3401 inter
847 3355 881 3400 se
906 3337 1092 3401 coniunctae
1117 3341 1218 3400 erant.
1267 3337 1383 3420 Aptius

284 3436 475 3528 exemplum,
513 3463 575 3525 quo
609 3442 799 3526 significatio
833 3443 944 3508 harum
979 3444 1247 3528 praepositionum
1283 3444 1385 3526 magis

281 3550 474 3630 illustretur,
503 3549 588 3632 apud
611 3550 710 3613 Arist.
741 3569 805 3614 non
827 3550 902 3634 legi.
949 3549 1013 3616 Sed
1036 3553 1099 3615 iam
1124 3551 1212 3616 clara
1235 3569 1308 3616 esse
1331 3571 1385 3616 res

281 3658 416 3722 videtur.
463 3654 522 3720 Gui
555 3656 720 3747 nonsatis
743 3658 912 3742 perspicua
935 3665 1002 3740 cst,
1040 3659 1069 3722 is
1093 3664 1262 3743 comparet
1285 3659 1383 3722 haec:

281 3755 371 3852 ἥκειν
405 3757 492 3847 παρὰ
525 3758 617 3846 νεῶν,
653 3761 701 3828 ἐκ“
720 3762 813 3846 νεῶν,
850 3759 915 3830 ἀπὸ
950 3762 1041 3832 νεῶν.
1097 3765 1190 3829 Haec
1224 3784 1301 3830 vero
1338 3764 1381 3828 dl·

288 3871 435 3936 scrinnna
458 3887 520 3934 non
545 3889 671 3957 semper
687 3893 706 3936 a
722 3871 856 3936 Graecis
873 3872 1095 3953 observantur,
1120 3890 1218 3954 quere
1233 3871 1384 3936 facillime

280 3977 326 4060 fit,
349 3984 385 4042 ut
407 3977 585 4061 particulae
607 3974 707 4064 παρά,
738 3977 790 4060 ἐκ,
815 3971 881 4044 cirri
902 3979 988 4044 inter
1011 3997 1046 4048 se
1070 3985 1319 4062 commutentur;
1344 3979 1384 4054 de

283 4105 344 4168 quo
367 4092 474 4150 tamen
495 4085 589 4153 infra.
635 4084 682 4152 Ut
705 4085 811 4150 omnia
831 4077 971 4151 'dilucide
993 4104 1232 4168 cognoscamus,
1258 4103 1384 4170 semper

282 4192 324 4256 ad
351 4191 532 4276 primarium
560 4193 756 4260 intellectum
785 4191 893 4258 oculos
922 4192 1119 4274 animumque
1143 4193 1381 4258 transferamus.

1541 4037 1543 4080 l

1532 4293 1541 4421 l

1530 4474 1540 4779 q

1290 4918 1293 4920 -
1338 4911 1521 4932 ⁸’'⁵“——-...-
