<?xml version="1.0" encoding="UTF-8"?>
<!DOCTYPE html PUBLIC "-//W3C//DTD XHTML 1.0 Transitional//EN"
    "http://www.w3.org/TR/xhtml1/DTD/xhtml1-transitional.dtd">
<html xmlns="http://www.w3.org/1999/xhtml" xml:lang="en" lang="en">
 <head>
  <title>
</title>
<meta http-equiv="Content-Type" content="text/html;charset=utf-8" />
  <meta name='ocr-system' content='tesseract 3.04.00' />
  <meta name='ocr-capabilities' content='ocr_page ocr_carea ocr_par ocr_line ocrx_word'/>
</head>
<body>
  <div class='ocr_page' id='page_1' title='image "./depraepositioni00vogegoog_0033.png"; bbox 0 0 3148 4984; ppageno 0'>
   <div class='ocr_carea' id='block_1_1' title="bbox 714 493 934 558">
    <p class='ocr_par' dir='ltr' id='par_1_1' title="bbox 714 493 934 558">
     <span class='ocr_line' id='line_1_1' title="bbox 714 493 934 558; baseline 0.009 -20"><span class='ocrx_word' id='word_1_1' title='bbox 714 493 934 558; x_wconf 77' lang='lat'>..24-</span> 
     </span>
    </p>
   </div>
   <div class='ocr_carea' id='block_1_2' title="bbox 274 683 1373 1117">
    <p class='ocr_par' dir='ltr' id='par_1_2' title="bbox 274 683 1373 990">
     <span class='ocr_line' id='line_1_2' title="bbox 275 683 1372 782; baseline 0.004 -28"><span class='ocrx_word' id='word_1_2' title='bbox 275 687 348 774; x_wconf 74' lang='lat' dir='ltr'>(lyr.</span> <span class='ocrx_word' id='word_1_3' title='bbox 378 688 408 772; x_wconf 87' lang='lat'>3,</span> <span class='ocrx_word' id='word_1_4' title='bbox 433 688 463 770; x_wconf 85' lang='lat'>3,</span> <span class='ocrx_word' id='word_1_5' title='bbox 489 684 546 773; x_wconf 87' lang='grc'>69)</span> <span class='ocrx_word' id='word_1_6' title='bbox 580 690 632 755; x_wconf 88' lang='lat' dir='ltr'>vei</span> <span class='ocrx_word' id='word_1_7' title='bbox 667 683 846 775; x_wconf 70' lang='grc' dir='ltr'><em>ἀναχωρεῖν</em></span> <span class='ocrx_word' id='word_1_8' title='bbox 880 685 997 782; x_wconf 83' lang='lat' dir='ltr'>(Anah.</span> <span class='ocrx_word' id='word_1_9' title='bbox 1026 687 1056 772; x_wconf 84' lang='lat'>5,</span> <span class='ocrx_word' id='word_1_10' title='bbox 1082 691 1112 772; x_wconf 93' lang='grc'>2,</span> <span class='ocrx_word' id='word_1_11' title='bbox 1138 686 1195 776; x_wconf 86' lang='grc'>32)</span> <span class='ocrx_word' id='word_1_12' title='bbox 1219 691 1271 756; x_wconf 88' lang='lat' dir='ltr'>vel</span> <span class='ocrx_word' id='word_1_13' title='bbox 1293 684 1372 758; x_wconf 77' lang='lat' dir='ltr'>rino-</span> 
     </span>
     <span class='ocr_line' id='line_1_3' title="bbox 274 793 1373 883; baseline 0.004 -22"><span class='ocrx_word' id='word_1_14' title='bbox 274 803 391 880; x_wconf 85' lang='grc' dir='ltr'><strong><em>χωρεῖν</em></strong></span> <span class='ocrx_word' id='word_1_15' title='bbox 415 794 501 880; x_wconf 84' lang='lat' dir='ltr'>(Arr.</span> <span class='ocrx_word' id='word_1_16' title='bbox 526 796 631 863; x_wconf 83' lang='lat' dir='ltr'>Anab.</span> <span class='ocrx_word' id='word_1_17' title='bbox 655 795 686 880; x_wconf 83' lang='lat'>5,</span> <span class='ocrx_word' id='word_1_18' title='bbox 713 797 764 880; x_wconf 99' lang='grc'>17,</span> <span class='ocrx_word' id='word_1_19' title='bbox 792 793 862 883; x_wconf 71' lang='grc'><strong>12),</strong></span> <span class='ocrx_word' id='word_1_20' title='bbox 895 797 1037 863; x_wconf 77' lang='grc' dir='ltr'>ε1.Εαν.</span> <span class='ocrx_word' id='word_1_21' title='bbox 1065 797 1185 863; x_wconf 89' lang='lat' dir='ltr'>Phoen.</span> <span class='ocrx_word' id='word_1_22' title='bbox 1213 797 1298 863; x_wconf 83' lang='lat'>1400</span> <span class='ocrx_word' id='word_1_23' title='bbox 1320 797 1373 865; x_wconf 81' lang='grc' dir='ltr'><strong><em>ε’πὶ</em></strong></span> 
     </span>
     <span class='ocr_line' id='line_1_4' title="bbox 276 899 637 990; baseline -0.006 -19"><span class='ocrx_word' id='word_1_24' title='bbox 276 905 387 978; x_wconf 78' lang='grc' dir='ltr'><strong><em>σκέλος</em></strong></span> <span class='ocrx_word' id='word_1_25' title='bbox 409 899 508 972; x_wconf 83' lang='grc' dir='ltr'><strong><em>πάλιν</em></strong></span> <span class='ocrx_word' id='word_1_26' title='bbox 530 911 637 990; x_wconf 80' lang='grc' dir='ltr'>χωρεῖ.</span> 
     </span>
    </p>

    <p class='ocr_par' dir='ltr' id='par_1_3' title="bbox 364 1027 1372 1117">
     <span class='ocr_line' id='line_1_5' title="bbox 364 1027 1372 1117; baseline 0.002 -23"><span class='ocrx_word' id='word_1_27' title='bbox 364 1030 555 1095; x_wconf 81' lang='lat' dir='ltr'>Addendum</span> <span class='ocrx_word' id='word_1_28' title='bbox 576 1037 627 1095; x_wconf 88' lang='lat' dir='ltr'>est</span> <span class='ocrx_word' id='word_1_29' title='bbox 641 1029 713 1094; x_wconf 93' lang='lat' dir='ltr'>huic</span> <span class='ocrx_word' id='word_1_30' title='bbox 728 1029 798 1096; x_wconf 87' lang='lat' dir='ltr'>usui</span> <span class='ocrx_word' id='word_1_31' title='bbox 816 1033 1002 1117; x_wconf 83' lang='grc' dir='ltr'><strong><em>συμφέρειν,</em></strong></span> <span class='ocrx_word' id='word_1_32' title='bbox 1026 1031 1156 1117; x_wconf 89' lang='lat' dir='ltr'>proprie</span> <span class='ocrx_word' id='word_1_33' title='bbox 1173 1027 1372 1116; x_wconf 89' lang='lat' dir='ltr'>„conferre“,</span> 
     </span>
    </p>
   </div>
   <div class='ocr_carea' id='block_1_3' title="bbox 274 1133 1373 1330">
    <p class='ocr_par' dir='ltr' id='par_1_4' title="bbox 274 1133 1373 1330">
     <span class='ocr_line' id='line_1_6' title="bbox 274 1133 1373 1224; baseline 0.003 -24"><span class='ocrx_word' id='word_1_34' title='bbox 274 1143 340 1201; x_wconf 90' lang='lat' dir='ltr'>tum</span> <span class='ocrx_word' id='word_1_35' title='bbox 368 1137 585 1224; x_wconf 83' lang='lat' dir='ltr'>metaphorice</span> <span class='ocrx_word' id='word_1_36' title='bbox 614 1157 709 1202; x_wconf 88' lang='lat' dir='ltr'>sensu</span> <span class='ocrx_word' id='word_1_37' title='bbox 738 1135 933 1222; x_wconf 84' lang='lat' dir='ltr'>„prodesse“</span> <span class='ocrx_word' id='word_1_38' title='bbox 962 1141 995 1203; x_wconf 92' lang='lat' dir='ltr'>in</span> <span class='ocrx_word' id='word_1_39' title='bbox 1020 1135 1074 1205; x_wconf 79' lang='grc' dir='ltr'>ἐπὶ</span> <span class='ocrx_word' id='word_1_40' title='bbox 1096 1133 1131 1205; x_wconf 80' lang='grc' dir='ltr'>τό</span> <span class='ocrx_word' id='word_1_41' title='bbox 1153 1139 1277 1224; x_wconf 79' lang='grc' dir='ltr'><strong><em>βέλτιον</em></strong></span> <span class='ocrx_word' id='word_1_42' title='bbox 1300 1158 1373 1222; x_wconf 80' lang='lat' dir='ltr'>oop-</span> 
     </span>
     <span class='ocr_line' id='line_1_7' title="bbox 274 1243 784 1330; baseline 0 -20"><span class='ocrx_word' id='word_1_43' title='bbox 274 1247 367 1330; x_wconf 79' lang='grc' dir='ltr'><strong><em>φέρει</em></strong></span> <span class='ocrx_word' id='word_1_44' title='bbox 390 1245 473 1311; x_wconf 89' lang='lat' dir='ltr'>Nub.</span> <span class='ocrx_word' id='word_1_45' title='bbox 497 1243 574 1310; x_wconf 86' lang='grc'><strong>594.</strong></span> <span class='ocrx_word' id='word_1_46' title='bbox 597 1245 684 1310; x_wconf 82' lang='grc' dir='ltr'>ΕεεΙ.</span> <span class='ocrx_word' id='word_1_47' title='bbox 709 1243 784 1310; x_wconf 88' lang='grc'><strong>475.</strong></span> 
     </span>
    </p>
   </div>
   <div class='ocr_carea' id='block_1_4' title="bbox 270 1369 1374 3169">
    <p class='ocr_par' dir='ltr' id='par_1_5' title="bbox 270 1369 1374 3169">
     <span class='ocr_line' id='line_1_8' title="bbox 362 1369 1371 1456; baseline 0.003 -23"><span class='ocrx_word' id='word_1_48' title='bbox 362 1369 463 1435; x_wconf 90' lang='lat' dir='ltr'>Nemo</span> <span class='ocrx_word' id='word_1_49' title='bbox 477 1371 548 1452; x_wconf 88' lang='lat' dir='ltr'>erit,</span> <span class='ocrx_word' id='word_1_50' title='bbox 566 1370 618 1453; x_wconf 88' lang='lat' dir='ltr'>qui</span> <span class='ocrx_word' id='word_1_51' title='bbox 633 1373 785 1436; x_wconf 87' lang='lat' dir='ltr'>attentius</span> <span class='ocrx_word' id='word_1_52' title='bbox 800 1372 879 1451; x_wconf 84' lang='lat' dir='ltr'>haec</span> <span class='ocrx_word' id='word_1_53' title='bbox 894 1370 1006 1456; x_wconf 86' lang='lat' dir='ltr'>legens</span> <span class='ocrx_word' id='word_1_54' title='bbox 1023 1393 1086 1436; x_wconf 93' lang='lat' dir='ltr'>non</span> <span class='ocrx_word' id='word_1_55' title='bbox 1103 1370 1371 1454; x_wconf 88' lang='lat' dir='ltr'>animadverterit,</span> 
     </span>
     <span class='ocr_line' id='line_1_9' title="bbox 273 1477 1374 1564; baseline 0.003 -24"><span class='ocrx_word' id='word_1_56' title='bbox 273 1477 371 1541; x_wconf 84' lang='lat' dir='ltr'>verba</span> <span class='ocrx_word' id='word_1_57' title='bbox 395 1485 428 1542; x_wconf 89' lang='lat' dir='ltr'>et</span> <span class='ocrx_word' id='word_1_58' title='bbox 452 1499 549 1562; x_wconf 88' lang='lat' dir='ltr'>supra</span> <span class='ocrx_word' id='word_1_59' title='bbox 573 1486 606 1542; x_wconf 90' lang='lat' dir='ltr'>et</span> <span class='ocrx_word' id='word_1_60' title='bbox 628 1487 791 1563; x_wconf 89' lang='lat' dir='ltr'>postremo</span> <span class='ocrx_word' id='word_1_61' title='bbox 809 1478 919 1560; x_wconf 87' lang='lat' dir='ltr'>allata,</span> <span class='ocrx_word' id='word_1_62' title='bbox 944 1498 1026 1564; x_wconf 90' lang='lat' dir='ltr'>quae</span> <span class='ocrx_word' id='word_1_63' title='bbox 1042 1479 1238 1543; x_wconf 88' lang='lat' dir='ltr'>intellectum</span> <span class='ocrx_word' id='word_1_64' title='bbox 1254 1479 1374 1544; x_wconf 90' lang='lat' dir='ltr'>habent</span> 
     </span>
     <span class='ocr_line' id='line_1_10' title="bbox 275 1584 1372 1668; baseline 0.004 -22"><span class='ocrx_word' id='word_1_65' title='bbox 275 1585 401 1666; x_wconf 84' lang='lat' dir='ltr'>agendi,</span> <span class='ocrx_word' id='word_1_66' title='bbox 426 1584 560 1666; x_wconf 83' lang='lat' dir='ltr'>ferendi,</span> <span class='ocrx_word' id='word_1_67' title='bbox 584 1586 729 1666; x_wconf 91' lang='lat' dir='ltr'>iaciendi,</span> <span class='ocrx_word' id='word_1_68' title='bbox 754 1585 910 1667; x_wconf 89' lang='lat' dir='ltr'>mittendi,</span> <span class='ocrx_word' id='word_1_69' title='bbox 935 1587 1069 1652; x_wconf 88' lang='lat' dir='ltr'>vocandi</span> <span class='ocrx_word' id='word_1_70' title='bbox 1086 1585 1292 1668; x_wconf 83' lang='lat' dir='ltr'>similemque,</span> <span class='ocrx_word' id='word_1_71' title='bbox 1309 1607 1372 1650; x_wconf 94' lang='lat' dir='ltr'>non</span> 
     </span>
     <span class='ocr_line' id='line_1_11' title="bbox 272 1691 1374 1777; baseline 0.004 -23"><span class='ocrx_word' id='word_1_72' title='bbox 272 1691 366 1754; x_wconf 93' lang='lat' dir='ltr'>modo</span> <span class='ocrx_word' id='word_1_73' title='bbox 401 1693 542 1776; x_wconf 85' lang='lat' dir='ltr'>proprie,</span> <span class='ocrx_word' id='word_1_74' title='bbox 580 1693 637 1756; x_wconf 90' lang='lat' dir='ltr'>sed</span> <span class='ocrx_word' id='word_1_75' title='bbox 672 1693 768 1757; x_wconf 88' lang='lat' dir='ltr'>etiam</span> <span class='ocrx_word' id='word_1_76' title='bbox 802 1694 958 1758; x_wconf 79' lang='lat' dir='ltr'>translate</span> <span class='ocrx_word' id='word_1_77' title='bbox 989 1714 1063 1759; x_wconf 88' lang='lat' dir='ltr'>esse</span> <span class='ocrx_word' id='word_1_78' title='bbox 1086 1700 1249 1777; x_wconf 87' lang='lat' dir='ltr'>usurpata.</span> <span class='ocrx_word' id='word_1_79' title='bbox 1307 1693 1374 1758; x_wconf 84' lang='lat' dir='ltr'>Sed</span> 
     </span>
     <span class='ocr_line' id='line_1_12' title="bbox 273 1791 1370 1885; baseline 0.004 -24"><span class='ocrx_word' id='word_1_80' title='bbox 273 1799 420 1881; x_wconf 92' lang='lat' dir='ltr'>quoniam</span> <span class='ocrx_word' id='word_1_81' title='bbox 439 1799 575 1882; x_wconf 76' lang='lat' dir='ltr'>‘longum</span> <span class='ocrx_word' id='word_1_82' title='bbox 592 1807 650 1880; x_wconf 91' lang='lat' dir='ltr'>est,</span> <span class='ocrx_word' id='word_1_83' title='bbox 676 1799 781 1864; x_wconf 85' lang='lat' dir='ltr'>omnia</span> <span class='ocrx_word' id='word_1_84' title='bbox 795 1799 875 1864; x_wconf 88' lang='lat' dir='ltr'>hacc</span> <span class='ocrx_word' id='word_1_85' title='bbox 892 1791 1013 1864; x_wconf 80' lang='lat' dir='ltr'>tantum</span> <span class='ocrx_word' id='word_1_86' title='bbox 1028 1802 1122 1866; x_wconf 90' lang='lat' dir='ltr'>modo</span> <span class='ocrx_word' id='word_1_87' title='bbox 1138 1801 1370 1885; x_wconf 77' lang='lat' dir='ltr'>perstringere,</span> 
     </span>
     <span class='ocr_line' id='line_1_13' title="bbox 271 1907 1371 1990; baseline 0.002 -22"><span class='ocrx_word' id='word_1_88' title='bbox 271 1907 461 1990; x_wconf 84' lang='lat' dir='ltr'>praesertim</span> <span class='ocrx_word' id='word_1_89' title='bbox 501 1926 570 1969; x_wconf 93' lang='lat' dir='ltr'>cum</span> <span class='ocrx_word' id='word_1_90' title='bbox 607 1907 706 1970; x_wconf 89' lang='lat' dir='ltr'>Arist.</span> <span class='ocrx_word' id='word_1_91' title='bbox 746 1907 910 1990; x_wconf 86' lang='lat' dir='ltr'>vulgarem</span> <span class='ocrx_word' id='word_1_92' title='bbox 951 1926 1040 1970; x_wconf 92' lang='lat' dir='ltr'>usum</span> <span class='ocrx_word' id='word_1_93' title='bbox 1080 1928 1190 1990; x_wconf 90' lang='lat' dir='ltr'>parum</span> <span class='ocrx_word' id='word_1_94' title='bbox 1226 1908 1371 1990; x_wconf 84' lang='lat' dir='ltr'>excedat,</span> 
     </span>
     <span class='ocr_line' id='line_1_14' title="bbox 272 2012 1372 2097; baseline 0.001 -22"><span class='ocrx_word' id='word_1_95' title='bbox 272 2013 397 2095; x_wconf 87' lang='lat' dir='ltr'>iamque</span> <span class='ocrx_word' id='word_1_96' title='bbox 427 2012 507 2078; x_wconf 90' lang='lat' dir='ltr'>satis</span> <span class='ocrx_word' id='word_1_97' title='bbox 532 2033 593 2096; x_wconf 90' lang='lat' dir='ltr'>qua</span> <span class='ocrx_word' id='word_1_98' title='bbox 616 2014 740 2078; x_wconf 89' lang='lat' dir='ltr'>ratione</span> <span class='ocrx_word' id='word_1_99' title='bbox 764 2014 830 2078; x_wconf 91' lang='lat' dir='ltr'>illic</span> <span class='ocrx_word' id='word_1_100' title='bbox 852 2019 960 2079; x_wconf 89' lang='lat' dir='ltr'>utatur</span> <span class='ocrx_word' id='word_1_101' title='bbox 983 2014 1222 2097; x_wconf 87' lang='lat' dir='ltr'>praepositione</span> <span class='ocrx_word' id='word_1_102' title='bbox 1245 2014 1372 2079; x_wconf 88' lang='lat' dir='ltr'>demon·</span> 
     </span>
     <span class='ocr_line' id='line_1_15' title="bbox 273 2120 1372 2203; baseline 0.001 -19"><span class='ocrx_word' id='word_1_103' title='bbox 273 2127 394 2184; x_wconf 89' lang='lat' dir='ltr'>strasse</span> <span class='ocrx_word' id='word_1_104' title='bbox 428 2120 548 2200; x_wconf 79' lang='lat' dir='ltr'>videor,</span> <span class='ocrx_word' id='word_1_105' title='bbox 582 2141 665 2186; x_wconf 90' lang='lat' dir='ltr'>nunc</span> <span class='ocrx_word' id='word_1_106' title='bbox 692 2120 884 2185; x_wconf 88' lang='lat' dir='ltr'>mentionem</span> <span class='ocrx_word' id='word_1_107' title='bbox 912 2120 1025 2183; x_wconf 80' lang='lat' dir='ltr'>faciam</span> <span class='ocrx_word' id='word_1_108' title='bbox 1055 2120 1136 2183; x_wconf 84' lang='lat' dir='ltr'>alius</span> <span class='ocrx_word' id='word_1_109' title='bbox 1160 2139 1244 2201; x_wconf 90' lang='lat' dir='ltr'>usus,</span> <span class='ocrx_word' id='word_1_110' title='bbox 1281 2140 1372 2203; x_wconf 91' lang='lat' dir='ltr'>quem</span> 
     </span>
     <span class='ocr_line' id='line_1_16' title="bbox 274 2226 1373 2314; baseline -0.002 -22"><span class='ocrx_word' id='word_1_111' title='bbox 274 2248 343 2293; x_wconf 89' lang='lat' dir='ltr'>cum</span> <span class='ocrx_word' id='word_1_112' title='bbox 382 2228 535 2314; x_wconf 87' lang='lat' dir='ltr'>primaria</span> <span class='ocrx_word' id='word_1_113' title='bbox 577 2227 807 2310; x_wconf 86' lang='lat' dir='ltr'>significatione</span> <span class='ocrx_word' id='word_1_114' title='bbox 845 2228 1070 2293; x_wconf 89' lang='lat' dir='ltr'>cohaerentum</span> <span class='ocrx_word' id='word_1_115' title='bbox 1111 2226 1259 2292; x_wconf 89' lang='lat' dir='ltr'>hostilem</span> <span class='ocrx_word' id='word_1_116' title='bbox 1299 2227 1373 2291; x_wconf 92' lang='lat' dir='ltr'>mihi</span> 
     </span>
     <span class='ocr_line' id='line_1_17' title="bbox 271 2333 1373 2420; baseline 0 -22"><span class='ocrx_word' id='word_1_117' title='bbox 271 2335 368 2399; x_wconf 87' lang='lat' dir='ltr'>liceat</span> <span class='ocrx_word' id='word_1_118' title='bbox 381 2336 556 2420; x_wconf 88' lang='lat' dir='ltr'>appellare.</span> <span class='ocrx_word' id='word_1_119' title='bbox 582 2333 683 2412; x_wconf 87' lang='lat' dir='ltr'>Quam</span> <span class='ocrx_word' id='word_1_120' title='bbox 696 2335 759 2400; x_wconf 88' lang='lat' dir='ltr'>vim</span> <span class='ocrx_word' id='word_1_121' title='bbox 770 2343 932 2401; x_wconf 88' lang='lat' dir='ltr'>tenentem</span> <span class='ocrx_word' id='word_1_122' title='bbox 944 2335 1085 2399; x_wconf 89' lang='lat' dir='ltr'>videmus</span> <span class='ocrx_word' id='word_1_123' title='bbox 1099 2335 1285 2418; x_wconf 90' lang='lat' dir='ltr'>particulam</span> <span class='ocrx_word' id='word_1_124' title='bbox 1298 2333 1373 2400; x_wconf 89' lang='lat' dir='ltr'>addi</span> 
     </span>
     <span class='ocr_line' id='line_1_18' title="bbox 274 2437 1371 2528; baseline 0.002 -24"><span class='ocrx_word' id='word_1_125' title='bbox 274 2443 380 2506; x_wconf 88' lang='lat' dir='ltr'>verbis</span> <span class='ocrx_word' id='word_1_126' title='bbox 395 2443 603 2507; x_wconf 84' lang='lat' dir='ltr'>intransitivis</span> <span class='ocrx_word' id='word_1_127' title='bbox 620 2443 701 2508; x_wconf 77' lang='grc' dir='ltr'><strong><em>ἰέναι</em></strong></span> <span class='ocrx_word' id='word_1_128' title='bbox 725 2439 793 2524; x_wconf 80' lang='grc' dir='ltr'>(ἐπὶ</span> <span class='ocrx_word' id='word_1_129' title='bbox 808 2437 910 2517; x_wconf 75' lang='grc' dir='ltr'><strong><em>θεούς</em></strong></span> <span class='ocrx_word' id='word_1_130' title='bbox 933 2449 1067 2526; x_wconf 87' lang='lat' dir='ltr'>„contra</span> <span class='ocrx_word' id='word_1_131' title='bbox 1084 2439 1198 2528; x_wconf 87' lang='lat' dir='ltr'>de0s“)</span> <span class='ocrx_word' id='word_1_132' title='bbox 1216 2445 1276 2508; x_wconf 83' lang='lat' dir='ltr'>Au.</span> <span class='ocrx_word' id='word_1_133' title='bbox 1294 2442 1371 2528; x_wconf 73' lang='lat'><strong>6343</strong></span> 
     </span>
     <span class='ocr_line' id='line_1_19' title="bbox 273 2545 1369 2636; baseline 0 -23"><span class='ocrx_word' id='word_1_134' title='bbox 273 2549 313 2614; x_wconf 86' lang='lat' dir='ltr'>cf.</span> <span class='ocrx_word' id='word_1_135' title='bbox 351 2570 447 2634; x_wconf 88' lang='lat' dir='ltr'>supra</span> <span class='ocrx_word' id='word_1_136' title='bbox 481 2550 564 2613; x_wconf 88' lang='lat' dir='ltr'>Rau.</span> <span class='ocrx_word' id='word_1_137' title='bbox 600 2548 675 2614; x_wconf 88' lang='grc'><strong>291.</strong></span> <span class='ocrx_word' id='word_1_138' title='bbox 722 2545 812 2635; x_wconf 80' lang='grc' dir='ltr'><strong><em>ἥκειν</em></strong></span> <span class='ocrx_word' id='word_1_139' title='bbox 842 2551 939 2636; x_wconf 90' lang='lat' dir='ltr'>Vesp.</span> <span class='ocrx_word' id='word_1_140' title='bbox 971 2549 1046 2614; x_wconf 91' lang='grc'><strong>244.</strong></span> <span class='ocrx_word' id='word_1_141' title='bbox 1081 2549 1194 2617; x_wconf 75' lang='grc' dir='ltr'><strong><em>ἵεσθαι</em></strong></span> <span class='ocrx_word' id='word_1_142' title='bbox 1220 2553 1262 2615; x_wconf 89' lang='lat' dir='ltr'>ib.</span> <span class='ocrx_word' id='word_1_143' title='bbox 1296 2549 1369 2613; x_wconf 90' lang='grc'><strong>425.</strong></span> 
     </span>
     <span class='ocr_line' id='line_1_20' title="bbox 271 2653 1369 2746; baseline -0.006 -24"><span class='ocrx_word' id='word_1_144' title='bbox 271 2657 474 2741; x_wconf 79' lang='grc' dir='ltr'><strong><em>καταβαίνειν</em></strong></span> <span class='ocrx_word' id='word_1_145' title='bbox 496 2656 539 2718; x_wconf 90' lang='lat' dir='ltr'>ib.</span> <span class='ocrx_word' id='word_1_146' title='bbox 567 2653 661 2718; x_wconf 88' lang='grc'><strong>1514.</strong></span> <span class='ocrx_word' id='word_1_147' title='bbox 700 2661 899 2746; x_wconf 72' lang='grc' dir='ltr'><strong><em>σνμβοηθεῑν</em></strong></span> <span class='ocrx_word' id='word_1_148' title='bbox 920 2657 993 2742; x_wconf 85' lang='lat' dir='ltr'>Lys.</span> <span class='ocrx_word' id='word_1_149' title='bbox 1012 2658 1086 2722; x_wconf 95' lang='grc'><strong>247.</strong></span> <span class='ocrx_word' id='word_1_150' title='bbox 1124 2659 1218 2723; x_wconf 78' lang='grc' dir='ltr'><strong><em>πλεῖν</em></strong></span> <span class='ocrx_word' id='word_1_151' title='bbox 1231 2658 1273 2719; x_wconf 87' lang='lat' dir='ltr'>ib.</span> <span class='ocrx_word' id='word_1_152' title='bbox 1291 2653 1369 2736; x_wconf 71' lang='lat'>6755</span> 
     </span>
     <span class='ocr_line' id='line_1_21' title="bbox 271 2757 1369 2848; baseline -0.01 -17"><span class='ocrx_word' id='word_1_153' title='bbox 271 2757 560 2848; x_wconf 69' lang='grc' dir='ltr'><strong><em>ἐπισιρατειῖεσθαι</em></strong></span> <span class='ocrx_word' id='word_1_154' title='bbox 597 2761 697 2846; x_wconf 86' lang='lat' dir='ltr'>Vesp.</span> <span class='ocrx_word' id='word_1_155' title='bbox 737 2763 787 2848; x_wconf 85' lang='grc'>12.</span> <span class='ocrx_word' id='word_1_156' title='bbox 834 2761 986 2844; x_wconf 81' lang='grc' dir='ltr'><strong><em>ἓπισίζειν</em></strong></span> <span class='ocrx_word' id='word_1_157' title='bbox 1019 2766 1062 2828; x_wconf 91' lang='lat' dir='ltr'>ib.</span> <span class='ocrx_word' id='word_1_158' title='bbox 1099 2762 1171 2826; x_wconf 87' lang='grc'><strong>705.</strong></span> <span class='ocrx_word' id='word_1_159' title='bbox 1229 2761 1369 2824; x_wconf 90' lang='lat' dir='ltr'>Verbum</span> 
     </span>
     <span class='ocr_line' id='line_1_22' title="bbox 272 2865 1371 2958; baseline -0.008 -22"><span class='ocrx_word' id='word_1_160' title='bbox 272 2871 367 2936; x_wconf 91' lang='lat' dir='ltr'>eundi</span> <span class='ocrx_word' id='word_1_161' title='bbox 392 2871 484 2936; x_wconf 88' lang='lat' dir='ltr'>deest</span> <span class='ocrx_word' id='word_1_162' title='bbox 507 2868 588 2935; x_wconf 84' lang='lat' dir='ltr'>Rau.</span> <span class='ocrx_word' id='word_1_163' title='bbox 616 2867 699 2932; x_wconf 90' lang='grc'><strong>1021</strong></span> <span class='ocrx_word' id='word_1_164' title='bbox 724 2865 797 2942; x_wconf 76' lang='grc' dir='ltr'>τούς</span> <span class='ocrx_word' id='word_1_165' title='bbox 820 2867 886 2936; x_wconf 76' lang='grc' dir='ltr'>ἕπτ’</span> <span class='ocrx_word' id='word_1_166' title='bbox 911 2869 965 2936; x_wconf 81' lang='grc' dir='ltr'>ἐπὶ</span> <span class='ocrx_word' id='word_1_167' title='bbox 990 2867 1109 2958; x_wconf 78' lang='grc' dir='ltr'>Θήβας.</span> <span class='ocrx_word' id='word_1_168' title='bbox 1167 2868 1222 2932; x_wconf 91' lang='lat' dir='ltr'>Bis</span> <span class='ocrx_word' id='word_1_169' title='bbox 1250 2871 1371 2932; x_wconf 87' lang='lat' dir='ltr'>tantum</span> 
     </span>
     <span class='ocr_line' id='line_1_23' title="bbox 271 2971 1372 3043; baseline -0.004 -1"><span class='ocrx_word' id='word_1_170' title='bbox 271 2997 339 3042; x_wconf 91' lang='lat' dir='ltr'>cum</span> <span class='ocrx_word' id='word_1_171' title='bbox 368 2979 466 3042; x_wconf 89' lang='lat' dir='ltr'>verbo</span> <span class='ocrx_word' id='word_1_172' title='bbox 495 2976 665 3042; x_wconf 88' lang='lat' dir='ltr'>transitivo</span> <span class='ocrx_word' id='word_1_173' title='bbox 690 2974 746 3042; x_wconf 78' lang='grc' dir='ltr'>ἐπί</span> <span class='ocrx_word' id='word_1_174' title='bbox 772 2979 978 3043; x_wconf 85' lang='lat' dir='ltr'>construitur:</span> <span class='ocrx_word' id='word_1_175' title='bbox 1017 2979 1100 3043; x_wconf 90' lang='lat' dir='ltr'>Nub.</span> <span class='ocrx_word' id='word_1_176' title='bbox 1124 2975 1187 3041; x_wconf 81' lang='lat'>397</span> <span class='ocrx_word' id='word_1_177' title='bbox 1213 2977 1294 3042; x_wconf 78' lang='grc' dir='ltr'><strong><em>ἱέναι</em></strong></span> <span class='ocrx_word' id='word_1_178' title='bbox 1318 2971 1372 3040; x_wconf 81' lang='grc' dir='ltr'>ἐπὶ</span> 
     </span>
     <span class='ocr_line' id='line_1_24' title="bbox 270 3079 1155 3169; baseline 0 -19"><span class='ocrx_word' id='word_1_179' title='bbox 270 3081 345 3157; x_wconf 66' lang='lat' dir='ltr'>code</span> <span class='ocrx_word' id='word_1_180' title='bbox 367 3079 533 3169; x_wconf 78' lang='grc' dir='ltr'><strong><em>ἐπιόρκους</em></strong></span> <span class='ocrx_word' id='word_1_181' title='bbox 557 3091 590 3149; x_wconf 91' lang='lat' dir='ltr'>et</span> <span class='ocrx_word' id='word_1_182' title='bbox 612 3085 672 3148; x_wconf 84' lang='lat' dir='ltr'>Av.</span> <span class='ocrx_word' id='word_1_183' title='bbox 700 3081 784 3147; x_wconf 89' lang='grc'><strong>1250</strong></span> <span class='ocrx_word' id='word_1_184' title='bbox 808 3089 948 3168; x_wconf 76' lang='grc' dir='ltr'><strong><em>πέμπειν</em></strong></span> <span class='ocrx_word' id='word_1_185' title='bbox 971 3079 1021 3152; x_wconf 77' lang='grc' dir='ltr'>ἐπ’</span> <span class='ocrx_word' id='word_1_186' title='bbox 1049 3079 1155 3152; x_wconf 75' lang='grc' dir='ltr'><strong><em>αὐτόν.</em></strong></span> 
     </span>
    </p>
   </div>
   <div class='ocr_carea' id='block_1_5' title="bbox 271 3203 1374 3404">
    <p class='ocr_par' dir='ltr' id='par_1_6' title="bbox 271 3203 1374 3404">
     <span class='ocr_line' id='line_1_25' title="bbox 361 3203 1373 3297; baseline -0.003 -23"><span class='ocrx_word' id='word_1_187' title='bbox 361 3207 519 3291; x_wconf 86' lang='lat' dir='ltr'>Sequitur,</span> <span class='ocrx_word' id='word_1_188' title='bbox 549 3203 588 3274; x_wconf 82' lang='lat' dir='ltr'>ut¹</span> <span class='ocrx_word' id='word_1_189' title='bbox 615 3209 654 3273; x_wconf 89' lang='lat' dir='ltr'>de</span> <span class='ocrx_word' id='word_1_190' title='bbox 681 3229 720 3274; x_wconf 88' lang='lat' dir='ltr'>eo</span> <span class='ocrx_word' id='word_1_191' title='bbox 748 3211 898 3292; x_wconf 90' lang='lat' dir='ltr'>loquendi</span> <span class='ocrx_word' id='word_1_192' title='bbox 923 3230 1042 3295; x_wconf 85' lang='lat' dir='ltr'>genere</span> <span class='ocrx_word' id='word_1_193' title='bbox 1064 3233 1168 3297; x_wconf 88' lang='lat' dir='ltr'>pauca</span> <span class='ocrx_word' id='word_1_194' title='bbox 1191 3211 1302 3290; x_wconf 91' lang='lat' dir='ltr'>dicam,</span> <span class='ocrx_word' id='word_1_195' title='bbox 1333 3225 1373 3272; x_wconf 85' lang='lat' dir='ltr'>ex</span> 
     </span>
     <span class='ocr_line' id='line_1_26' title="bbox 271 3313 1374 3404; baseline -0.001 -26"><span class='ocrx_word' id='word_1_196' title='bbox 271 3335 333 3399; x_wconf 93' lang='lat' dir='ltr'>quo</span> <span class='ocrx_word' id='word_1_197' title='bbox 369 3317 550 3400; x_wconf 86' lang='lat' dir='ltr'>proprietas</span> <span class='ocrx_word' id='word_1_198' title='bbox 586 3318 742 3399; x_wconf 85' lang='lat' dir='ltr'>quaedam</span> <span class='ocrx_word' id='word_1_199' title='bbox 777 3319 929 3383; x_wconf 90' lang='lat' dir='ltr'>sermonis</span> <span class='ocrx_word' id='word_1_200' title='bbox 958 3317 1186 3404; x_wconf 85' lang='lat' dir='ltr'>Aristophanei</span> <span class='ocrx_word' id='word_1_201' title='bbox 1223 3313 1374 3397; x_wconf 82' lang='lat' dir='ltr'>cognosci</span> 
     </span>
    </p>
   </div>
   <div class='ocr_carea' id='block_1_6' title="bbox 146 3420 1374 3509">
    <p class='ocr_par' dir='ltr' id='par_1_7' title="bbox 146 3420 1374 3509">
     <span class='ocr_line' id='line_1_27' title="bbox 146 3420 1374 3509; baseline 0.001 -27"><span class='ocrx_word' id='word_1_202' title='bbox 146 3475 148 3482; x_wconf 62' lang='grc'><strong>.</strong></span> <span class='ocrx_word' id='word_1_203' title='bbox 269 3421 384 3508; x_wconf 85' lang='lat' dir='ltr'>possit.</span> <span class='ocrx_word' id='word_1_204' title='bbox 434 3420 516 3485; x_wconf 91' lang='lat' dir='ltr'>Dum</span> <span class='ocrx_word' id='word_1_205' title='bbox 540 3441 635 3486; x_wconf 91' lang='lat' dir='ltr'>causa</span> <span class='ocrx_word' id='word_1_206' title='bbox 657 3424 823 3505; x_wconf 86' lang='lat' dir='ltr'>indicatur,</span> <span class='ocrx_word' id='word_1_207' title='bbox 851 3425 888 3488; x_wconf 83' lang='lat' dir='ltr'>fit</span> <span class='ocrx_word' id='word_1_208' title='bbox 911 3427 997 3509; x_wconf 88' lang='lat' dir='ltr'>apud</span> <span class='ocrx_word' id='word_1_209' title='bbox 1020 3427 1119 3489; x_wconf 81' lang='lat' dir='ltr'>verba</span> <span class='ocrx_word' id='word_1_210' title='bbox 1142 3423 1246 3505; x_wconf 88' lang='lat' dir='ltr'>eundi,</span> <span class='ocrx_word' id='word_1_211' title='bbox 1277 3428 1313 3486; x_wconf 90' lang='lat' dir='ltr'>ut</span> <span class='ocrx_word' id='word_1_212' title='bbox 1336 3441 1374 3485; x_wconf 90' lang='lat' dir='ltr'>ea</span> 
     </span>
    </p>
   </div>
   <div class='ocr_carea' id='block_1_7' title="bbox 270 3528 1371 3721">
    <p class='ocr_par' dir='ltr' id='par_1_8' title="bbox 270 3528 1371 3721">
     <span class='ocr_line' id='line_1_28' title="bbox 270 3528 1371 3615; baseline -0.004 -21"><span class='ocrx_word' id='word_1_213' title='bbox 270 3549 316 3611; x_wconf 90' lang='lat' dir='ltr'>re,</span> <span class='ocrx_word' id='word_1_214' title='bbox 354 3529 395 3592; x_wconf 86' lang='lat' dir='ltr'>ad</span> <span class='ocrx_word' id='word_1_215' title='bbox 419 3547 512 3610; x_wconf 89' lang='lat' dir='ltr'>quam</span> <span class='ocrx_word' id='word_1_216' title='bbox 535 3528 620 3592; x_wconf 90' lang='lat' dir='ltr'>actio</span> <span class='ocrx_word' id='word_1_217' title='bbox 649 3531 758 3612; x_wconf 86' lang='lat' dir='ltr'>aliqua</span> <span class='ocrx_word' id='word_1_218' title='bbox 786 3530 948 3615; x_wconf 84' lang='lat' dir='ltr'>dirigitur,</span> <span class='ocrx_word' id='word_1_219' title='bbox 985 3532 1075 3596; x_wconf 88' lang='lat' dir='ltr'>simul</span> <span class='ocrx_word' id='word_1_220' title='bbox 1101 3532 1134 3595; x_wconf 91' lang='lat' dir='ltr'>id</span> <span class='ocrx_word' id='word_1_221' title='bbox 1163 3531 1371 3607; x_wconf 88' lang='lat' dir='ltr'>contineatur,</span> 
     </span>
     <span class='ocr_line' id='line_1_29' title="bbox 271 3634 1371 3721; baseline -0.005 -22"><span class='ocrx_word' id='word_1_222' title='bbox 271 3636 357 3721; x_wconf 92' lang='lat' dir='ltr'>quod</span> <span class='ocrx_word' id='word_1_223' title='bbox 390 3635 516 3700; x_wconf 87' lang='lat' dir='ltr'>actione</span> <span class='ocrx_word' id='word_1_224' title='bbox 552 3642 716 3718; x_wconf 86' lang='lat' dir='ltr'>spectatur</span> <span class='ocrx_word' id='word_1_225' title='bbox 751 3645 783 3700; x_wconf 92' lang='lat' dir='ltr'>et</span> <span class='ocrx_word' id='word_1_226' title='bbox 810 3639 938 3720; x_wconf 88' lang='lat' dir='ltr'>petitur.</span> <span class='ocrx_word' id='word_1_227' title='bbox 996 3638 1151 3721; x_wconf 80' lang='lat' dir='ltr'>llxempla</span> <span class='ocrx_word' id='word_1_228' title='bbox 1181 3643 1254 3701; x_wconf 91' lang='lat' dir='ltr'>sunt</span> <span class='ocrx_word' id='word_1_229' title='bbox 1276 3634 1371 3696; x_wconf 87' lang='lat' dir='ltr'>haec:</span> 
     </span>
    </p>
   </div>
   <div class='ocr_carea' id='block_1_8' title="bbox 269 3736 1373 3936">
    <p class='ocr_par' dir='ltr' id='par_1_9' title="bbox 269 3736 1373 3936">
     <span class='ocr_line' id='line_1_30' title="bbox 272 3736 1373 3828; baseline -0.004 -22"><span class='ocrx_word' id='word_1_230' title='bbox 272 3743 372 3828; x_wconf 89' lang='lat' dir='ltr'>Vesp.</span> <span class='ocrx_word' id='word_1_231' title='bbox 402 3739 467 3808; x_wconf 89' lang='grc'>854</span> <span class='ocrx_word' id='word_1_232' title='bbox 494 3739 548 3808; x_wconf 80' lang='grc' dir='ltr'>ἐπὶ</span> <span class='ocrx_word' id='word_1_233' title='bbox 574 3736 842 3815; x_wconf 77' lang='grc' dir='ltr'><strong><em>νούςκαδίσκονς</em></strong></span> <span class='ocrx_word' id='word_1_234' title='bbox 870 3763 913 3808; x_wconf 89' lang='lat' dir='ltr'>sc.</span> <span class='ocrx_word' id='word_1_235' title='bbox 943 3748 1012 3810; x_wconf 70' lang='grc' dir='ltr'>θέω</span> <span class='ocrx_word' id='word_1_236' title='bbox 1044 3764 1159 3825; x_wconf 87' lang='lat' dir='ltr'>„curro</span> <span class='ocrx_word' id='word_1_237' title='bbox 1190 3742 1231 3806; x_wconf 91' lang='lat' dir='ltr'>ad</span> <span class='ocrx_word' id='word_1_238' title='bbox 1254 3736 1373 3804; x_wconf 87' lang='lat' dir='ltr'>urnas“</span> 
     </span>
     <span class='ocr_line' id='line_1_31' title="bbox 269 3843 1372 3936; baseline -0.005 -22"><span class='ocrx_word' id='word_1_239' title='bbox 269 3849 302 3916; x_wconf 90' lang='lat' dir='ltr'>h.</span> <span class='ocrx_word' id='word_1_240' title='bbox 325 3869 354 3916; x_wconf 89' lang='lat' dir='ltr'>e.</span> <span class='ocrx_word' id='word_1_241' title='bbox 378 3857 436 3933; x_wconf 84' lang='lat' dir='ltr'>„ut</span> <span class='ocrx_word' id='word_1_242' title='bbox 458 3870 555 3914; x_wconf 88' lang='lat' dir='ltr'>urnas</span> <span class='ocrx_word' id='word_1_243' title='bbox 578 3845 759 3935; x_wconf 66' lang='lat' dir='ltr'>petam“.*)</span> <span class='ocrx_word' id='word_1_244' title='bbox 805 3849 864 3913; x_wconf 86' lang='grc' dir='ltr'>Αν.</span> <span class='ocrx_word' id='word_1_245' title='bbox 891 3849 931 3912; x_wconf 95' lang='grc'>77</span> <span class='ocrx_word' id='word_1_246' title='bbox 948 3854 1046 3935; x_wconf 78' lang='grc' dir='ltr'><em>τρέχω</em></span> <span class='ocrx_word' id='word_1_247' title='bbox 1072 3851 1116 3916; x_wconf 82' lang='grc' dir='ltr'>’π’</span> <span class='ocrx_word' id='word_1_248' title='bbox 1134 3843 1251 3936; x_wconf 82' lang='grc' dir='ltr'>α’φύας.</span> <span class='ocrx_word' id='word_1_249' title='bbox 1268 3846 1312 3912; x_wconf 92' lang='lat' dir='ltr'>ib.</span> <span class='ocrx_word' id='word_1_250' title='bbox 1331 3844 1372 3910; x_wconf 91' lang='grc'>79</span> 
     </span>
    </p>
   </div>
   <div class='ocr_carea' id='block_1_9' title="bbox 270 3989 483 4002">
    <p class='ocr_par' dir='ltr' id='par_1_10' title="bbox 270 3989 483 4002">
     <span class='ocr_line' id='line_1_32' title="bbox 270 3989 483 4002; baseline -0.005 0"><span class='ocrx_word' id='word_1_251' title='bbox 270 3989 483 4002; x_wconf 64' lang='lat' dir='ltr'>——n-—n</span> 
     </span>
    </p>
   </div>
   <div class='ocr_carea' id='block_1_10' title="bbox 269 4058 1375 4311">
    <p class='ocr_par' dir='ltr' id='par_1_11' title="bbox 269 4058 1375 4311">
     <span class='ocr_line' id='line_1_33' title="bbox 342 4058 1372 4131; baseline -0.003 -13.946"><span class='ocrx_word' id='word_1_252' title='bbox 342 4060 370 4128; x_wconf 73' lang='lat' dir='ltr'>*l</span> <span class='ocrx_word' id='word_1_253' title='bbox 397 4062 459 4117; x_wconf 91' lang='lat' dir='ltr'>Hoc</span> <span class='ocrx_word' id='word_1_254' title='bbox 487 4061 622 4116; x_wconf 91' lang='lat' dir='ltr'>modot</span> <span class='ocrx_word' id='word_1_255' title='bbox 595 4061 676 4116; x_wconf 85' lang='lat' dir='ltr'>etiam</span> <span class='ocrx_word' id='word_1_256' title='bbox 703 4058 771 4131; x_wconf 76' lang='grc' dir='ltr'><strong><em>μετα</em></strong></span> <span class='ocrx_word' id='word_1_257' title='bbox 795 4063 909 4131; x_wconf 86' lang='lat' dir='ltr'>usurpat</span> <span class='ocrx_word' id='word_1_258' title='bbox 911 4077 955 4127; x_wconf 88' lang='lat' dir='ltr'>nr,</span> <span class='ocrx_word' id='word_1_259' title='bbox 982 4076 1034 4114; x_wconf 90' lang='lat' dir='ltr'>non</span> <span class='ocrx_word' id='word_1_260' title='bbox 1057 4059 1129 4130; x_wconf 84' lang='lat' dir='ltr'>apud</span> <span class='ocrx_word' id='word_1_261' title='bbox 1147 4058 1248 4126; x_wconf 80' lang='lat' dir='ltr'>Arist,</span> <span class='ocrx_word' id='word_1_262' title='bbox 1272 4059 1319 4114; x_wconf 85' lang='lat' dir='ltr'>sed</span> <span class='ocrx_word' id='word_1_263' title='bbox 1338 4059 1372 4114; x_wconf 85' lang='lat' dir='ltr'>cf.</span> 
     </span>
     <span class='ocr_line' id='line_1_34' title="bbox 270 4143 1375 4276; baseline -0.002 -71"><span class='ocrx_word' id='word_1_264' title='bbox 270 4149 351 4205; x_wconf 92' lang='lat' dir='ltr'>Hom.</span> <span class='ocrx_word' id='word_1_265' title='bbox 370 4167 396 4219; x_wconf 87' lang='grc' dir='ltr'>α,</span> <span class='ocrx_word' id='word_1_266' title='bbox 425 4149 477 4204; x_wconf 88' lang='grc'>184</span> <span class='ocrx_word' id='word_1_267' title='bbox 503 4151 580 4204; x_wconf 77' lang='grc' dir='ltr'><strong><em>πλεῖν</em></strong></span> <span class='ocrx_word' id='word_1_268' title='bbox 604 4151 671 4222; x_wconf 72' lang='grc' dir='ltr'><strong><em>μετα</em></strong></span> <span class='ocrx_word' id='word_1_269' title='bbox 688 4148 798 4221; x_wconf 77' lang='grc' dir='ltr'>χαλκόν.</span> <span class='ocrx_word' id='word_1_270' title='bbox 826 4156 851 4218; x_wconf 81' lang='grc' dir='ltr'>β,</span> <span class='ocrx_word' id='word_1_271' title='bbox 871 4149 923 4204; x_wconf 89' lang='grc'>206</span> <span class='ocrx_word' id='word_1_272' title='bbox 945 4149 1001 4220; x_wconf 78' lang='grc' dir='ltr'>μετ’</span> <span class='ocrx_word' id='word_1_273' title='bbox 1026 4149 1103 4209; x_wconf 64' lang='grc' dir='ltr'><strong><em>ἄλλας</em></strong></span> <span class='ocrx_word' id='word_1_274' title='bbox 1122 4143 1259 4276; x_wconf 72' lang='grc' dir='ltr'><strong><em>ἔρχεσθαι.</em></strong></span> <span class='ocrx_word' id='word_1_275' title='bbox 1277 4155 1302 4217; x_wconf 74' lang='grc' dir='ltr'>β,</span> <span class='ocrx_word' id='word_1_276' title='bbox 1321 4149 1375 4204; x_wconf 85' lang='grc'>808</span> 
     </span>
     <span class='ocr_line' id='line_1_35' title="bbox 269 4234 635 4311; baseline 0 -20"><span class='ocrx_word' id='word_1_277' title='bbox 269 4235 337 4311; x_wconf 67' lang='grc' dir='ltr'>μετα</span> <span class='ocrx_word' id='word_1_278' title='bbox 355 4239 456 4310; x_wconf 77' lang='grc' dir='ltr'><strong><em>πατρὸς</em></strong></span> <span class='ocrx_word' id='word_1_279' title='bbox 473 4234 581 4306; x_wconf 54' lang='lat' dir='ltr'>ducatu.</span> <span class='ocrx_word' id='word_1_280' title='bbox 602 4267 635 4280; x_wconf 93' lang='lat'>-</span> 
     </span>
    </p>
   </div>
   <div class='ocr_carea' id='block_1_11' title="bbox 0 0 1578 4981">
    <p class='ocr_par' dir='ltr' id='par_1_12' title="bbox 0 0 1578 4981">
     <span class='ocr_line' id='line_1_36' title="bbox 0 0 1578 4981; baseline 0 0"><span class='ocrx_word' id='word_1_281' title='bbox 0 0 1578 4981; x_wconf 95' lang='lat' dir='ltr'> </span> 
     </span>
    </p>
   </div>
  </div>
 </body>
</html>
