3148 4984
630 559 851 627 ..33-

158 777 238 826 nec
264 756 517 826 construendum
540 775 610 822 cnm
632 751 717 845 ἡμᾶς
739 775 812 822 esse
836 756 922 822 dicit.
971 755 1122 824 Ordinem
1137 757 1291 843 praebete

166 867 239 934 καὶ·
262 862 346 951 πρὸς
367 861 422 949 (=
449 872 482 930 et
504 863 643 950 insuper,
667 863 720 932 καὶ
743 863 885 950 προσέτι)
909 865 1012 932 διαλλ.
1036 860 1123 952 ἡμᾶς
1136 859 1291 952 ἀνδράσιν

169 981 222 1040 Λ.
252 982 289 1040 et
313 972 439 1038 confert
461 971 579 1037 Aesch.
604 973 711 1040 Prom.
735 970 812 1038 937.

276 1099 459 1163 Annumero
488 1097 657 1162 transitiva
692 1098 792 1162 verba
826 1098 973 1163 movendi
1001 1095 1108 1164 ἕλκειν
1129 1097 1190 1181 Ilq.
1217 1095 1291 1162 710.

169 1205 267 1272 Nub.
298 1205 375 1270 233.
411 1198 558 1272 ἐλαύνειν
586 1204 669 1269 Nub.
702 1203 754 1270 69.
794 1198 897 1271 αι’θεῖν
925 1200 1080 1289 (πολλούς
1102 1203 1165 1270 τῶν
1186 1205 1293 1291 λίθων

174 1309 272 1400 πρὸς
300 1310 359 1400 τὴν
385 1305 509 1397 θύραν)
539 1311 639 1397 Vesp.
668 1309 740 1376 199.
798 1299 1006 1397 παρακλίνειν
1029 1308 1116 1397 (τούς
1137 1308 1296 1398 μυκτῆρας

173 1417 270 1508 πρὸς
298 1417 352 1512 τᾷς
373 1413 509 1504 λαύρας)
533 1419 610 1484 Pac.
637 1415 709 1483 158.
745 1421 873 1505 τρέπειν
895 1421 955 1485 Ar.
983 1417 1078 1484 1450.
1115 1413 1293 1486 α’ναυείνειν

179 1524 286 1612 (πρὸς
307 1523 342 1593 mi
365 1523 490 1612 ὄροφον
513 1523 550 1593 τά
573 1521 728 1612 Περσικά)
753 1527 826 1610 Lys.
843 1525 919 1608 229,
945 1525 1019 1594 230.
1038 1515 1106 1594 οἶσε
1123 1521 1218 1612 (πρὸς
1234 1523 1291 1614 σήν

178 1637 324 1720 καρδίαν
349 1659 414 1719 μου
443 1632 612 1718 σπογγίαν)
640 1634 722 1698 Ran.
752 1632 828 1700 482.
863 1632 992 1720 ε’ρέφειυ
1019 1629 1101 1718 πρός
1123 1629 1216 1702 aazia
1238 1630 1294 1708 σας

178 1743 290 1817 οἰκίας
312 1744 374 1808 Ar.
402 1737 535 1826 11103)

274 1867 374 1933 Notio
399 1866 524 1951 quidem
548 1867 696 1931 movendi
719 1868 803 1932 inest
826 1867 923 1932 etiam
946 1868 977 1932 in
1000 1868 1166 1933 translatis
1182 1866 1291 1934 dictio·

187 1975 291 2056 nibus,
308 1976 391 2039 sicut
405 1974 538 2059 βλέπειν
554 1968 636 2063 πρός
651 1998 721 2040 τινα
736 1974 820 2040 Nub.
839 1973 913 2040 323.
932 1975 1006 2042 Pac.
1025 1973 1198 2041 63511511.
1215 1974 1291 2040 544.

190 2075 385 2166 ἀποβλέπειν
413 2081 492 2145 Aah.
523 2079 598 2146 291.
635 2077 712 2166 ὁρᾶν
740 2084 800 2148 Av.
832 2082 927 2148 1334.
964 2079 1095 2164 χάσκειν
1123 2083 1184 2166 Eq.
1214 2081 1289 2170 651,

189 2187 261 2271 804,
290 2189 387 2254 1118.
414 2187 497 2254 Nub.
525 2186 600 2254 996.
648 2190 777 2269 πωλεῖν,
807 2183 973 2273 ἀγοράζειν
1001 2191 1079 2254 Ach.
1107 2187 1181 2266 625,
1214 2189 1310 2274 722,

187 2291 443 2382 ἀνταποπέρδειν
475 2291 570 2381 (πρὸς
597 2292 651 2369 ταὶς
678 2293 825 2383 βροντάς)
856 2297 938 2360 Nub.
969 2295 1044 2361 294.
1085 2297 1289 2364 αἰνίσσεσθαι

190 2399 286 2486 (πρὸς
308 2399 360 2468 τόυ
383 2397 478 2488 α’έρα)
503 2405 563 2468 Av.
581 2401 645 2467 970
671 2399 724 2485 (cf.
746 2405 806 2487 Eq.
828 2401 912 2468 1085
929 2401 974 2476 εἴς
989 2397 1041 2488 τι).
1079 2407 1286 2491 φέρουσαι..

195 2503 268 2574 ὁδοὶ
291 2503 385 2592 ineat
407 2506 488 2594 πρὸς
511 2505 587 2577 αύτό
611 2506 646 2576 τὸ
669 2513 769 2594 μέσον
791 2511 851 2574 Av.
879 2509 963 2573 1007
993 2517 1026 2576 ε1
1049 2513 1147 2576 verbo
1171 2513 1287 2579 omisso

194 2615 269 2699 Lys.
294 2615 356 2680 288
377 2621 495 2702 χωρίον
517 2614 551 2684 τὸ
574 2613 652 2702 πρὸς
675 2612 780 2683 πόλιν.
828 2619 908 2682 Ran.
934 2617 999 2682 844
1023 2613 1189 2702 σπλάγχνα
1210 2625 1287 2706 θερ-

184 2726 316 2806 μαίνειν
345 2722 426 2810 πρός
453 2719 579 2812 ὄργήν.
604 2725 692 2790 ΕεεΙ.
723 2724 788 2792 446
818 2720 1010 2812 συμβάλλειν
1038 2722 1120 2810 πρὸς
1147 2721 1289 2813 α’λλήλας

183 2825 305 2914 ἱμάτια.
352 2834 441 2899 Eccl.
473 2833 558 2897 1060
582 2839 719 2918 θαρρεῖν
739 2829 819 2918 πρὸς
835 2826 987 2917 §pannem
1025 2835 1064 2899 cf.
1089 2833 1173 2900 Plat.
1197 2835 1287 2898 Prot.

185 2936 261 3022 350,
286 2941 313 3003 Β
338 2934 420 3024 πρός
442 2966 481 3006 τι.
527 2942 608 3005 Tum
631 2935 713 3024 πρὸς
735 2935 882 3030 θύληκου
904 2940 983 3007 ναῦν
998 2939 1151 3022 ἔχεινκαὶ
1167 2944 1290 3025 φρένας

189 3045 246 3110 Th.
272 3045 348 3129 291,
374 3067 437 3131 quc
454 3047 525 3111 loco
543 3048 772 3112 substantivum
791 3070 831 3112 ex
846 3049 1085 3134 praepositione
1102 3068 1288 3133 suspensum

186 3153 278 3218 valde
292 3162 476 3241 corruptum
487 3154 624 3218 videtur.
654 3153 798 3238 Scaliger
811 3154 940 3240 scripsit
952 3150 1033 3239 πρός
1044 3148 1181 3245 φάληοα,
1195 3176 1288 3238 quem

184 3258 323 3324 Brunck.
348 3263 490 3344 sequitur
512 3261 658 3342 ctBekk;
683 3260 754 3325 edd.
777 3261 924 3326 Venetae
945 3255 1114 3346 φαλλικόν,
1136 3261 1222 3345 quod
1240 3263 1292 3327 re·'

182 3368 289 3432 stituit
300 3367 428 3444 Invern.
462 3369 510 3432 Ex
519 3368 672 3433 librorum
686 3368 823 3432 lectione
833 3363 980 3457 θάληκον
991 3369 1141 3435 Kuester.
1153 3370 1290 3435 coniecit

179 3467 331 3540 θύλακον
359 3475 380 3540 i.
406 3497 435 3539 c.
461 3495 586 3540 saccum
610 3472 690 3558 (rid.
714 3475 801 3540 Eccl.
827 3473 891 3539 820
916 3483 949 3540 et
972 3476 1020 3540 Pl.
1047 3472 1139 3560 763),
1170 3476 1202 3540 in
1226 3498 1288 3562 quo

178 3580 317 3646 recondi
352 3583 455 3648 soleat
489 3583 603 3661 lerina,
640 3590 672 3646 et
709 3583 750 3646 ad
787 3583 991 3667 proverbium
1025 3585 1106 3650 haec
1139 3591 1290 3667 spectare

179 3695 292 3773 putat:
333 3691 394 3768 „ad
423 3710 550 3756 saccum
580 3689 703 3753 farinae
731 3691 750 3754 i.
776 3709 804 3756 e.
833 3710 901 3758 rem
924 3689 1110 3756 familiarem
1134 3696 1290 3756 attentum

253 3953 281 4022 ⁴⁶)
301 3949 409 4025 ἐρέφειν
422 3960 473 4012 etc.
490 3975 519 4004 =
538 3955 661 4026 „cingere
674 3956 715 4011 vel
729 3971 858 4010 coronare
871 3955 965 4010 domos
978 3971 1062 4024 usquc
1076 3954 1109 4008 ad
1121 3955 1289 4025 fastigium‘3

179 4041 257 4096 οἴεταί
280 4060 333 4098 σου
355 4045 434 4100 modo
456 4045 595 4116 „aquilae“
617 4050 705 4109 erant,
735 4045 882 4100 sedetiam
903 4043 1232 4114 „fastigiatemplorum“,
1260 4048 1291 4099 nt

181 4132 309 4187 Comicus
337 4134 381 4187 hic
409 4135 438 4188 in
462 4135 634 4205 homonymia
653 4136 727 4189 vocis
746 4131 820 4193 ιιέτός
838 4134 921 4188 ludat.
959 4131 999 4186 Cf.
1020 4133 1107 4187 Kock.
1127 4133 1161 4186 ad
1180 4133 1207 4187 h.
1226 4133 1243 4188 l.
1263 4138 1290 4188 ct

71 4239 76 4248 ·
180 4221 276 4288 Both.,
305 4224 380 4276 cnins
408 4241 441 4277 ex
470 4223 541 4278 notis
570 4224 651 4277 etiam
675 4225 741 4278 haec
765 4224 884 4278 ascribo:
911 4216 1038 4292 ,ἔρεφον
1057 4220 1105 4275 οἰκ.
1126 4240 1154 4274 π.
1174 4219 1199 4276 οἷ.
1219 4224 1245 4277 h.
1265 4239 1288 4277 e.

113 4323 118 4332 ·
179 4313 253 4366 totas
272 4310 366 4367 domos
385 4312 495 4383 opplere
515 4313 611 4368 nidis“.
634 4341 666 4352 -

1235 4419 1252 4475 3
