3148 4984
644 489 865 554 ..39-

192 691 250 755 Ab
274 688 339 753 hoo
360 707 417 752 usu
442 691 514 751 orta
537 692 587 751 est
607 685 856 771 praepositionis
873 685 1061 770 signifieatio
1079 683 1303 772 ‚‚seoundum“,

198 795 288 881 quod
320 794 508 860 Germanica
538 793 696 879 particula
722 791 886 877 ,ρειαιιεειι
912 795 1073 860 vertimus.
1122 791 1308 880 Spectanda-

201 909 278 970 sunt
299 903 332 966 hi
354 899 431 966 looi:
457 901 586 966 Thesm.
613 899 676 964 149
701 919 749 984 sq.

335 1037 399 1130 χρῆ
422 1038 480 1129 γοὶρ
503 1038 641 1133 ποιητήν
664 1038 767 1127 ἄνδρα
790 1038 872 1127 πρὸς
893 1037 930 1108 τὰ
955 1037 1110 1127 δράματα,

342 1143 363 1215 ἄ
387 1152 439 1216 δεῖ
459 1159 577 1232 ποιεῖν,
602 1144 681 1223 udor
703 1145 799 1216 ταῦτα
822 1147 896 1224 τούς
917 1144 1055 1236 τρόπους
1078 1148 1174 1233 ἔχειν.

288 1277 379 1340 Eool.
393 1275 458 1340 969
472 1273 632 1341 καὶταῦτα
645 1279 754 1359 μέντοι
765 1278 900 1360 μετρίως
910 1272 992 1362 πρός
1002 1272 1061 1363 τήν
1074 1273 1155 1366 ε’μνγν
1167 1271 1306 1368 ανάγκην

199 1385 343 1474 εἰρημέν’
354 1381 446 1449 ἐστίν.
466 1381 535 1447 Nee
545 1382 642 1466 louge
653 1383 809 1448 reoeduut
819 1383 859 1448 ab
870 1383 929 1448 hoo
940 1405 998 1449 usu
1008 1384 1080 1465 looi,
1093 1385 1306 1469 quibusprae·

200 1491 320 1578 positio
345 1491 616 1573 comparationem
631 1490 762 1571 indicat,
789 1492 869 1554 siout
884 1491 964 1556 th.
984 1489 1047 1555 783
1064 1486 1182 1557 ποιτάν
1196 1491 1304 1575 ματέρ’

198 1591 428 1683 εἰκασθήσεται
445 1617 526 1682 „pro
543 1605 644 1661 matre
661 1591 695 1681 (i.
709 1617 737 1662 e.
754 1591 862 1678 matri)
876 1598 986 1663 similis
998 1595 1091 1680 fiet“;
1109 1597 1170 1661 vid.
1183 1597 1306 1666 Herod.

195 1706 226 1787 3,
245 1703 291 1769 34
313 1697 414 1776 κοῖός,
427 1727 472 1777 τις
494 1706 602 1770 δοκέοι
618 1698 698 1790 ἀνὴρ
716 1691 798 1770 εἶναι
814 1699 893 1789 πρὸς
908 1700 964 1770 τόν
979 1708 1108 1790 πατέρα.
1148 1705 1222 1790 Lys.
1241 1703 1306 1768 860

197 1805 297 1899 λῆρός
320 1809 386 1877 ἐστι
409 1805 508 1877 τᾶλλα
530 1807 610 1904 πρὸς
632 1813 789 1901 Κινησίαν
813 1832 893 1895 „pro
919 1811 1046 1877 Oinesia
1070 1818 1179 1877 cetera
1202 1833 1306 1896 nugae

203 1917 308 1984 suut“.
355 1917 416 1983 Th.
442 1917 506 1981 802
533 1913 733 2002 σκεψώμεθα
753 1915 793 2006 δή
816 1913 1049 2004 κάντιτιθῶμεν
1068 1914 1150 2004 πρὸς
1164 1915 1307 2002 ἕκαστον,

204 2033 240 2090 ut
263 2019 457 2111 συμβάλλειν
479 2019 559 2109 πρός
580 2050 609 2090 τι
633 2026 756 2091 Herod.
782 2025 812 2110 3,
837 2024 890 2090 95.
914 2025 945 2110 4,
970 2025 1027 2110 50;
1052 2025 1092 2091 of.
1117 2027 1213 2092 etiam
1227 2026 1306 2092 Luo.

199 2133 281 2198 Tim.
305 2133 349 2196 42
374 2127 573 2217 οὐδένπρὸς
599 2135 737 2217 Τίμωνα.
762 2132 846 2198 Xeu.
871 2135 930 2198 An.
957 2133 986 2214 7,
1012 2133 1041 2214 7,
1067 2131 1120 2198 41.
1151 2133 1248 2197 Thuo.
1274 2131 1305 2216 3,

200 2237 572 2321 mmmmm

238 2451 240 2458 ,
296 2383 427 2448 Praeter
456 2384 539 2448 hune
567 2403 658 2448 usum
685 2381 837 2446 nonnulla
866 2388 991 2448 restant
1020 2382 1167 2466 exempla
1194 2389 1308 2448 notatu

212 2489 400 2573 dignissima,
426 2491 540 2572 quibus
564 2489 761 2574 exprimitur,
787 2509 879 2572 quem
902 2488 1061 2556 adfinem
1085 2490 1162 2574 quid
1183 2488 1249 2573 fiat,
1274 2495 1309 2556 ut

206 2597 388 2682 principalis
412 2598 661 2682 praepositionis
677 2596 726 2660 vis
742 2597 844 2680 magis
860 2599 1006 2682 prodeat.
1037 2597 1162 2662 Videas
1187 2617 1307 2682 quaeso

200 2703 285 2770 Nub.
311 2703 373 2769 176
409 2707 439 2770 τί
472 2685 531 2770 οὖν
566 2700 646 2789 πρὸς
675 2699 797 2789 τᾶλφιτ’
828 2700 1071 2792 ἐπαλαμήσατο,
1106 2705 1170 2788 „ad
1192 2725 1309 2788 panem

205 2808 414 2894 euraudum“‚
440 2832 574 2896 quooum
598 2814 669 2878 loeo
694 2813 841 2877 conferas
864 2814 907 2878 ib.
933 2812 997 2877 648
1020 2815 1051 2878 τί
1073 2809 1110 2878 δὲ
1131 2807 1164 2895 μ’
1181 2805 1307 2896 ὠφελή-

199 2921 289 2985 oovo’
319 2921 351 2985 oi
382 2920 504 3006 ῥυθμοὶ
528 2916 607 3002 πρὸς
635 2915 786 3006 τᾶλφιτα;
833 2920 913 2984 Tum
936 2919 993 2984 Th.
1019 2917 1083 2982 586
1107 2911 1189 3002 πρός
1211 2925 1308 2983 ποῖον

200 3023 294 3112 ἔργον
330 3047 375 3092 se.
406 3021 612 3114 ἀνέπεμψεν,
658 3026 727 3104 Quo
756 3027 862 3091 refero
887 3027 966 3090 th.
992 3023 1058 3088 804
1081 3019 1125 3097 οἷς
1148 3017 1204 3103 6ξύ
1229 3020 1310 3108 πρὸς

197 3129 254 3208 τὰς
285 3128 421 3215 ἰσχάδας
442 3127 611 3218 κεκράγατε
635 3139 791 3218 „propter
814 3133 937 3197 oarioas
960 3129 1211 3216 impetrandas“,
1236 3152 1308 3218 pro-

196 3241 273 3326 prie
311 3241 372 3322 „ad
407 3242 530 3306 oarioas
560 3239 704 3324 versus“,
739 3239 772 3304 id
800 3239 885 3322 quod
916 3239 1108 3304 nostratium
1130 3239 1241 3324 lingua
1265 3239 1310 3306 di·

200 3348 287 3412 citur
313 3348 415 3428 „oaoh
438 3349 559 3433 Feigen
583 3345 761 3412 schreien“.

291 3473 430 3558 Tempus
454 3495 518 3539 non
541 3471 738 3557 signifieatur
761 3472 821 3536 nisi
843 3469 944 3556 Vesp.
964 3469 1049 3538 1085
1073 3468 1154 3558 πρὸς
1170 3473 1310 3556 ἑσπέραν

202 3579 283 3660 „sub
307 3580 507 3664 vesperam“,
535 3581 576 3646 of.
599 3579 673 3663 Lys.
697 3577 773 3644 412.
813 3579 855 3644 ib.
883 3577 968 3648 1089
987 3587 1026 3646 -et
1049 3581 1136 3648 Eeol.
1162 3579 1204 3643 20
1227 3574 1310 3664 πρὸς

200 3682 329 3772 ὄρθρον
366 3688 444 3767 „sub
481 3695 584 3754 ortum
617 3685 730 3752 luois“.
778 3685 862 3752 Eool.
895 3687 960 3751 312
983 3683 1066 3772 πρὸς
1093 3685 1135 3756 ἕω
1162 3686 1224 3767 „ad
1246 3686 1310 3771 pri·

200 3813 285 3858 mam
320 3794 499 3860 auroram“.
555 3793 608 3859 Sic
640 3788 721 3876 πρὸς
754 3785 803 3860 αόἷ
837 3790 990 3882 ἔγρεσθαι
1025 3792 1162 3860 Theoer.
1190 3791 1240 3873 18,
1265 3789 1309 3854 55

201 3895 286 3984 πρός
312 3895 436 3988 ἡμέραν
458 3899 646 3987 ἕξέγρεσθαι
668 3900 752 3966 Plat.
778 3901 878 3967 Conv.
903 3901 978 3984 223,
1002 3901 1040 3964 Ε,
1064 3895 1146 3986 πρός
1167 3892 1311 3984 χειμῶνά

202 4005 1091 4093 mwwmmmummumr
