3100 4976
674 567 895 658 *ra-7

230 766 295 831 tari
320 772 354 830 et
368 763 743 849 aliquantumproseqni.
783 763 831 827 Eo
848 761 955 828 allusit
975 762 1090 845 Arist.;
1115 779 1173 845 per
1189 761 1344 834 undecim

232 891 337 938 remos
372 872 525 955 intellege
559 871 705 936 undecim
739 888 847 949 nares,
884 877 919 934 nt
947 887 1044 953 saepe
1073 889 1094 932 a
1115 873 1334 952 partetotum
1384 865 1387 874 “

232 979 458 1062 intellegimus,
492 979 545 1042 vel
573 978 713 1042 fortasse
740 976 938 1060 intellegitur
967 997 1083 1060 magna
1110 976 1217 1052 navis,
1252 993 1334 1057 quae

177 1082 180 1088 ’
232 1087 328 1152 remis
351 1087 506 1166 undecim,
531 1085 688 1167 utrimque
711 1083 788 1165 scil,
818 1083 849 1146 h.
875 1103 903 1148 e.
928 1082 1052 1149 duobus
1078 1090 1111 1148 et
1133 1083 1246 1165 viginti
1270 1083 1334 1166 agi·

232 1193 348 1259 tetur.“
412 1193 550 1258 Bcclrins
586 1199 691 1256 autem
724 1191 806 1255 hanc
840 1191 905 1255 loci
940 1191 1130 1266 sententiam
1164 1208 1237 1254 esse
1274 1189 1333 1254 ait:

234 1300 448 1384 „faustissime
465 1301 600 1364 omnium
615 1303 830 1384 spectatorum
854 1298 1083 1363 acclamatione
1105 1295 1335 1381 prosequimini

233 1408 400 1493 strepitum
435 1407 554 1484 laetum
588 1402 821 1470 Irenaeorum“.
885 1405 1019 1470 Bothius
1055 1404 1199 1468 undecim
1235 1423 1334 1468 naues

234 1515 296 1578 dici
323 1514 505 1596 arbitratur,
535 1515 592 1578 sed
620 1507 847 1602 ἄλληγορικαός,
876 1519 911 1576 ut
939 1513 1049 1578 decem
1077 1512 1180 1577 tribus
1203 1511 1333 1578 Atticae

234 1629 267 1686 et
294 1628 424 1686 senatus
453 1622 695 1704 quingentorum
717 1619 954 1702 intellegantur,
983 1619 1015 1686 h.
1040 1640 1068 1684 c.
1092 1620 1257 1694 universus
1280 1639 1335 1702 po-

233 1730 326 1813 pulus
349 1728 575 1792 Athenienses.
622 1723 734 1802 Quibis
759 1746 821 1808 ego
845 1747 908 1795 nou
929 1729 1098 1806 assentior,
1122 1747 1196 1792 nam
1210 1726 1333 1810 longin-

234 1838 325 1918 quius
353 1836 507 1919 promitur
536 1835 620 1917 quod
649 1835 764 1899 dictum
789 1839 847 1900 est.
905 1831 981 1898 Onm
1005 1835 1105 1898 Arist.
1129 1836 1161 1898 in
1185 1835 1333 1900 versibus

234 1949 385 2026 quattuor
408 1940 672 2026 praecedentibus
697 1962 716 2004 a
740 1941 921 2023 navigando
944 1941 1124 2007 locutiones
1146 1942 1208 2006 iam
1234 1949 1336 2006 trans·

234 2050 353 2131 tulerit,
389 2049 484 2114 etiam
519 2050 601 2114 haec
634 2048 752 2114 locutio
789 2049 861 2113 hinc
889 2050 991 2132 petita
1022 2056 1072 2114 est
1095 2048 1334 2129 ammirabile,
1374 2105 1377 2112 2

235 2157 320 2241 quod
354 2159 385 2221 in
421 2158 532 2222 eadem
568 2155 756 2241 metaphora
790 2163 919 2220 maneat
952 2164 1051 2240 poeta
1087 2163 1119 2222 et
1153 2156 1194 2220 de
1222 2156 1336 2238 plausu

234 2264 351 2329 theatri
379 2265 528 2347 loquatur
551 2264 638 2328 velut
662 2264 702 2329 de
728 2283 880 2344 aquarum
904 2265 1049 2347 strepitu.
1103 2260 1188 2326 Sanc
1212 2263 1336 2344 quidem

236 2393 291 2436 cur
319 2391 398 2435 voce
426 2369 540 2437 ἕνδεκα
569 2378 677 2435 utatur
707 2371 845 2453 quidque
869 2370 947 2432 haec
971 2368 1032 2434 sibi
1055 2371 1142 2443 velit,
1171 2370 1336 2434 nonsatis

235 2477 436 2542 manifestum
460 2486 519 2542 est.
558 2477 859 2560 Interpretationum
876 2483 981 2544 autem
997 2477 1115 2559 optima
1131 2477 1186 2542 illa
1202 2475 1336 2542 Kueste·

234 2585 325 2652 riana
361 2585 486 2650 videtur
521 2603 594 2648 esse
630 2617 673 2630 -
710 2583 824 2664 „enixo
859 2589 985 2666 poetam
1020 2584 1131 2649 favore
1158 2585 1336 2668 plausuque

235 2693 376 2760 secundo
409 2691 655 2778 prosequimini“
687 2725 740 2772 -‚
770 2711 864 2774 quam
894 2691 990 2756 etiam
1013 2692 1197 2776 Droysenus
1221 2693 1246 2774 I,
1274 2691 1337 2756 124

234 2801 362 2887 probat,
388 2819 514 2863 versum
538 2799 624 2863 illum
647 2799 679 2862 in
697 2797 919 2863 Germanicum
936 2819 1112 2864 sermonem
1129 2801 1174 2866 sio
1189 2807 1334 2864 vertens:

236 2907 352 2988 „hassi
380 2906 537 2971 rauschen
562 2906 614 2970 die
640 2895 744 2989 Woge
767 2905 824 2971 des
847 2906 981 2972 Beifalls
1005 2907 1068 2974 ihm
1092 2907 1157 2972 und
1180 2907 1337 2990 begleitet

233 3015 290 3078 mit
313 3013 595 3097 Rudergehlatsch
618 3011 704 3078 ihn“.

323 3123 464 3203 Agamus
487 3141 569 3185 nuno
586 3121 626 3186 de
641 3119 697 3187 e’rri
711 3121 959 3207 praepositionis
976 3141 1045 3185 cum
1062 3120 1126 3184 dat.
1146 3123 1348 3198 coniunctae,

233 3247 301 3308 usn,
327 3247 389 3310 quo
413 3229 508 3294 homo
533 3229 584 3294 vel
599 3229 689 3294 locus
713 3228 882 3311 indicatur,
907 3227 949 3292 ad
972 3247 1064 3310 quem
1088 3249 1150 3311 qna
1167 3230 1251 3294 actio
1275 3225 1334 3312 (uti

233 3336 308 3399 mihi
337 3336 434 3402 liceat
464 3337 523 3400 hac
550 3333 643 3418 voce)
672 3336 830 3420 dirigitur.
888 3335 1082 3419 Plerumque
1104 3337 1337 3421 praepositioni

233 3444 320 3508 notio
344 3443 469 3508 hostilis
493 3444 631 3528 impetus
654 3445 748 3516 inest,
780 3443 861 3508 sicut
884 3443 944 3525 Eq.
969 3441 1034 3508 236
1059 3438 1255 3528 σννσμνόναι
1280 3443 1335 3512 ἐπὶ

232 3548 277 3638 τῷ
299 3547 403 3638 δήμῳ,
429 3551 468 3616 cf.
493 3550 615 3616 Herod.
642 3549 676 3631 7,
702 3548 777 3614 235.
823 3549 896 3634 Lys.
923 3547 966 3613 50
994 3547 1044 3616 ἐπ’
1076 3545 1227 3638 αλλήλοις
1253 3551 1334 3637 cipa-

234 3664 314 3726 σθαι
332 3652 421 3740 δόρυ.
461 3659 540 3723 Αα1).
558 3657 622 3722 660
640 3657 705 3724 πᾶν
719 3653 769 3724 ἐπ’
785 3655 857 3741 ἐμοὶ
872 3661 1095 3740 τεκταινέσθω,
1121 3659 1219 3724 veluti
1233 3683 1334 3750 μηχα-

234 3763 357 3834 νόσθαί
378 3790 408 3831 τι
430 3763 486 3832 ε’ττί
507 3789 568 3831 τινι
592 3765 716 3830 Herod.
739 3765 766 3846 1,
794 3762 868 3829 154.
892 3765 922 3847 6,
945 3763 997 3829 88.
1033 3767 1109 3832 Pac.
1132 3765 1197 3830 620
1220 3763 1334 3854 ἐπειδὴ

234 3875 368 3956 ’γνωσαν
392 3866 475 3957 όμᾶς
499 3922 506 3938 .
533 3919 540 3936 .
564 3867 782 3960 ἠγριωμένους
807 3869 860 3938 ἐπ’
886 3866 1054 3960 α’λληλοισι
1077 3873 1130 3939 καὶ
1154 3867 1334 3961 σεσηρότας,

233 3974 325 4046 πάντ’
350 3977 548 4071 ἐμηχανῶντ’
572 3978 624 4066 ἐφ’
650 3973 736 4063 όμῐν.
753 3981 796 4044 11).
814 3979 878 4043 901
895 3974 1019 4065 ἅρματα
1035 3977 1064 4047 δ’
1079 3979 1129 4048 ἐπ’
1148 3973 1335 4067 όλλήλοισιν

234 4082 491 4172 ἀνατετραμμένα
510 4139 516 4154 .
533 4089 575 4153 11).
603 4087 688 4152 1273
722 4085 772 4154 έττ)
804 4081 991 4174 ἀλλήλοισιν
1025 4083 1133 4171 ἰόντες,
1170 4095 1204 4154 ut
1238 4088 1333 4155 Hom.

234 4196 269 4274 Γ,
296 4192 346 4259 15.
370 4203 412 4278 A,
438 4195 479 4260 70
504 4192 569 4278 (ἐπ’
594 4190 664 4261 ἄλλ.
689 4188 869 4278 θορόντες).
916 4197 976 4258 Au.
1002 4194 1067 4259 334
1088 4199 1177 4279 γένος
1192 4190 1333 4280 α’νόσισν,

235 4295 313 4386 ὅπερ
338 4349 346 4366 .
371 4351 378 4368 .
404 4301 453 4370 ἐπ’
471 4301 543 4388 έμαὶ
559 4304 716 4388 πολέμιον
737 4298 856 4393 ἐτράφη
875 4353 882 4367 .
898 4304 941 4368 11).
959 4301 1024 4368 526
1040 4301 1167 4390 πόρτις
1187 4327 1230 4390 eq>
