3148 4984
717 498 955 564 -92-.

352 719 383 761 v.
407 694 473 760 976
497 745 505 762 .
532 745 539 762 .
562 690 599 761 τό
623 695 651 762 δ’
677 676 719 762 uri
742 699 859 779 πρέπει
883 696 1001 786 χλιαρά
1023 704 1205 768 κατεσθίειν

353 827 381 870 v.
406 803 470 868 986
494 801 566 890 τῷδ’
592 795 646 870 ἐπὶ
669 799 704 868 τό
729 806 862 870 δεῖπνον
886 823 893 836 ·
919 801 987 890 ἅμα
1008 808 1062 873 καὶ
1086 804 1240 892 μεγάλα.
1266 859 1273 876 .
1299 861 1306 877 .

277 914 356 978 Oum
378 913 531 991 lacunam,
557 931 640 993 quae
663 918 738 976 ante
761 909 834 998 τῷδ’
860 914 891 977 in
914 915 1005 982 libris
1023 923 1082 996 est,
1107 937 1170 982 nou
1187 918 1373 1002 expleverit,

274 1024 335 1088 heo
358 1019 613 1104 interpunctione
635 1018 687 1080 vix
704 1021 866 1102 ostendas,
892 1025 966 1109 quid
984 1025 1180 1108 praepositio
1196 1019 1252 1090 ε’πί
1268 1027 1375 1092 valeat

265 1131 326 1206 vvel
349 1129 432 1194 unde
457 1147 611 1213 suspense
628 1134 686 1222 uit.
733 1127 889 1196 Numnam
912 1140 1017 1217 putas,
1041 1133 1311 1217 praepositionem
1335 1155 1375 1202 ex

273 1238 372 1302 verbo
407 1241 590 1304 κατεσθίειν
624 1242 765 1322 pendere
801 1247 856 1306 aut
888 1233 943 1306 ε’πὶ
965 1235 999 1305 τό
1022 1241 1156 1306 δεῖπνον
1180 1241 1279 1306 similo
1302 1261 1374 1308 esee

273 1345 389 1410 Latino
415 1354 512 1430 „Post
535 1345 685 1413 oenam?“
748 1349 852 1412 Aliam
875 1347 1044 1412 leutiouem
1068 1367 1226 1432 propono,
1252 1369 1313 1432 qua
1339 1357 1373 1416 et

273 1474 305 1519 v.
354 1451 428 1532 986,
454 1451 518 1516 987
541 1455 604 1518 isto
620 1455 691 1521 looo
707 1458 889 1520 inseruntur
906 1476 975 1520 oum
990 1455 1255 1540 interpunctione,
1281 1477 1374 1539 quom

272 1562 410 1626 Brunok.
446 1562 522 1642 vult,
559 1569 591 1626 et
625 1563 819 1650 properandi
854 1565 983 1627 verbum
1018 1563 1156 1648 ponitur,
1193 1570 1227 1628 ut
1255 1563 1373 1648 Bergk.

272 1668 389 1752 hubet3
414 1670 520 1734 eoribo
545 1671 605 1734 sio:

275 1798 305 1842 v.
330 1774 395 1841 975
420 1825 427 1840 .
453 1823 460 1840 .
484 1772 520 1842 τό
545 1779 573 1842 δ’
599 1757 641 1842 αὖ
664 1782 781 1861 πρέπει
803 1773 920 1860 χλιαρὰ
943 1777 1125 1842 κατεσθίειν
1186 1823 1188 1830 ι
1231 1815 1234 1820 -

271 1905 302 1950 v.
327 1883 391 1948 986
419 1881 468 1972 τῷ
475 1887 494 1949 δ
502 1885 508 1914 ’
533 1881 724 1966 ἕπείγοντ’
753 1885 806 1951 ἐπὶ
821 1880 856 1951 τό
873 1887 1025 1950 δεῖπνον·
1044 1878 1111 1966 ἅμα
1126 1883 1178 1950 καὶ
1193 1878 1316 1968 μεγάλα
1332 1881 1373 1972 δή

1034 2001 1159 2075 φρονεῖ,

272 2122 301 2166 v.
326 2097 390 2164 987
419 2094 476 2164 τοῦ
502 2100 576 2186 βίον
604 2101 632 2164 δ’
658 2096 787 2184 ἐξέβαλε
810 2101 923 2182 δεῖγμα
946 2093 1021 2165 τάδε
1043 2095 1079 2164 τό
1103 2094 1202 2184 πτερολ
1225 2095 1288 2186 πρό
1311 2096 1374 2166 τοόν

1036 2202 1160 2292 θυρῶν.

273 2337 302 2378 v.
327 2313 392 2378 976
416 2307 578 2398 ου’τόματα
601 2308 691 2381 πάντ’
716 2307 826 2396 οίγαθολ
849 2312 934 2403 τῷδέ
953 2337 988 2397 γε
1011 2317 1182 2400 πορίζεται.

272 2443 301 2486 v.
327 2421 390 2484 977
417 2417 564 2488 οὐδέποτ’
588 2418 648 2506 ε’γοί
672 2418 821 2507 Πόλεμον
844 2431 905 2489 eto.
929 2443 1028 2508 usque
1051 2423 1092 2488 ad
1116 2444 1145 2486 v.
1171 2421 1246 2488 985.

330 2611 332 2616 Ι
360 2527 562 2593 Constructio
592 2538 656 2593 est:
690 2533 807 2614 πρέπει
834 2528 917 2617 τρῖδε
945 2527 1044 2614 (huie)
1074 2529 1231 2613 έπείγοντι
1261 2528 1315 2596 ἐπὶ
1337 2525 1372 2597 τό

272 2639 405 2703 δεῖπνον
430 2629 631 2719 (properanti
656 2636 697 2698 ad
721 2633 846 2720 oenum)
869 2640 1053 2704 κατεσθίειν
1075 2634 1113 2704 τοὶ
1135 2631 1262 2719 χλιαρό.
1321 2638 1371 2701 De

273 2751 374 2809 metro
398 2742 461 2807 vid.
486 2741 597 2807 Herm.
621 2741 670 2804 m.
696 2745 725 2806 d.
750 2764 790 2806 m.
816 2741 881 2805 509
898 2752 931 2808 et
945 2744 1223 2828 Rossb.·Westph.
1240 2741 1306 2805 545
1323 2763 1370 2825 eq.

269 2850 510 2934 Antistropham
546 2845 588 2932 (v.
614 2845 804 2932 986-999)
833 2870 897 2914 non
925 2858 1032 2916 statuo
1060 2859 1095 2916 ut
1122 2852 1187 2934 illi,
1216 2851 1271 2914 sed
1302 2870 1371 2915 oum

270 2959 419 3025 Bekkero
453 2979 490 3036 v,
515 2955 690 3020 971-987
716 2955 821 3022 Ohoro
845 2957 899 3040 do,
929 2979 957 3024 v.
982 2956 1157 3022 988-999
1181 2956 1371 3042 Dioaeopoli

271 3089 311 3134 ex
335 3086 481 3132 versuum
506 3065 672 3130 sententia.
697 3098 740 3108 -—

358 3175 455 3240 Notio
468 3171 692 3258 proficiscendi
708 3173 804 3238 etiam
820 3171 918 3237 verbo
936 3167 1095 3255 δαιμονᾶν
1110 3172 1236 3235 videtur
1251 3170 1368 3250 inesse,

270 3283 354 3368 quod
382 3282 534 3346 habemus
562 3281 620 3344 Th.
648 3277 733 3344 1055
762 3275 925 3362 δαιμονοῖν
948 3274 1062 3346 αἰόλαν
1085 3281 1210 3343 νέκυσιν
1233 3268 1288 3342 ε’πὶ
1311 3299 1370 3342 πο-

269 3395 368 3478 ρείαν.
414 3389 523 3471 ango
547 3383 710 3470 δαιμόνων
729 3389 858 3471 legitur,
883 3387 939 3451 sed
956 3387 1049 3466 falso,
1074 3405 1146 3448 num
1163 3390 1270 3467 genet.
1287 3384 1369 3469 plur.

269 3519 341 3564 esee
374 3519 438 3562 nou
465 3502 583 3580 potest,
621 3516 718 3578 quare
746 3497 854 3580 inepte
884 3491 1004 3558 Senot:
1042 3492 1170 3574 „tetrum
1199 3489 1305 3574 ἔσχον,
1335 3486 1371 3557 ἐκ

268 3602 331 3673 τῶν
354 3593 518 3688 δαιμόνων
540 3598 577 3667 τό
600 3597 663 3692 ἄχη
688 3601 819 3684 ἔσχον.“
862 3602 964 3668 Bekk.
990 3599 1103 3666 edidit:
1289 3607 1291 3611 '

493 3759 501 3775 .
526 3756 534 3774 .
560 3759 567 3774 .
594 3758 602 3775 .
627 3703 670 3782 οἷς
693 3705 898 3800 ἐκρεμάσθην

493 3811 677 3908 λαιμότμητ’
702 3812 765 3908 ἄχη
790 3813 964 3901 δαιμοναῖν,
990 3809 1104 3885 αίόλαυ

492 3928 620 3992 νέκυσιν
642 3923 697 3990 ε’πὶ
720 3927 864 4011 πορείαν.

268 4034 389 4117 Bergk.
415 4035 526 4099 eadem
548 4032 660 4116 legens
683 4033 882 4118 interpungit
905 4037 981 4116 post
1004 4025 1067 4121 ἄχη
1090 4036 1123 4094 et
1137 4029 1371 4113 interpretatur

268 4141 300 4204 in
324 4141 426 4226 praef.
451 4141 523 4218 Vol.
547 4139 590 4222 II,
614 4161 646 4225 p.
663 4139 727 4204 XV
751 4140 861 4221 „furiis
884 4146 974 4204 aetus
998 4139 1039 4204 ad
1057 4139 1149 4220 viam,
1167 4156 1249 4220 quae
1265 4135 1370 4200 fervet

267 4245 432 4313 mortuis“.
480 4245 547 4312 Sed
570 4249 739 4330 quomodo,
764 4248 790 4312 si
805 4248 852 4314 ita
867 4246 1082 4331 distinguitur,
1107 4244 1302 4312 constructio
1318 4250 1370 4310 est
