3148 4984
613 558 851 624 ...21-

175 757 295 823 Etiam
331 756 539 839 manifestum,
574 764 649 822 ante
685 757 747 822 hoc
772 755 943 823 ¹exordium
974 756 1120 821 lacunam
1148 763 1288 838 exstare,

180 865 240 930 ubi
266 863 385 930 desunt
416 864 559 949 syllabae
584 866 668 930 duae
690 865 742 929 vel
765 871 842 929 tres.
895 861 1015 940 Quibus
1039 863 1080 928 de
1103 865 1208 930 causis
1231 865 1291 928 viri

183 972 366 1038 doctissimi
384 980 503 1038 summo
520 972 626 1038 studio
643 991 775 1057 operam
790 973 958 1051 dederunt,
974 978 1010 1036 ut
1026 972 1288 1054 emendationem,

183 1100 269 1164 quae
300 1079 446 1145 omnibus
475 1080 628 1164 placeret,
663 1080 904 1163 investigarent.
963 1078 1018 1144 Sic
1046 1078 1195 1144 Reiskius
1222 1100 1289 1146 cor·

179 1188 285 1252 rexit:
306 1180 362 1260 ‘'or
389 1181 444 1252 ἐπὶ
466 1182 501 1252 ud
526 1189 659 1254 δεῖπνον
681 1180 749 1273 ἐλᾷ,
780 1186 835 1250 alii
858 1187 1087 1272 suppleverunt
1115 1180 1217 1252 πάντα
1240 1185 1291 1250 vel

180 1287 295 1360 πολλά
318 1299 394 1358 ante
417 1313 527 1358 rocem
550 1291 624 1381 τῷδ’
627 1289 674 1380 ff)
698 1293 818 1378 Bergk.
843 1294 981 1358 coniecit
1002 1295 1034 1358 in
1055 1293 1158 1378 praes.
1174 1291 1247 1359 Vol.
1264 1294 1290 1376 I,

179 1425 215 1524 p.
244 1401 314 1467 XII
350 1387 448 1530 (elder
478 1397 518 1485 ὥ)
547 1397 647 1485 τόνδᾊ
683 1395 804 1484 ἐπείγει
832 1400 906 1486 περὶ
933 1397 1021 1466 add.
1045 1401 1215 1466 ueletiam
1241 1393 1290 1467 Oi’

182 1503 308 1592 ἐπείγει
342 1507 417 1593 περὶ
451 1533 476 1573 τ.
501 1512 599 1589 δ.,ιι
601 1509 783 1574 talterum
820 1495 956 1581 εἶδες
932 1535 957 1573 ω
985 1529 1014 1574 v.
1045 1506 1108 1572 971
1135 1508 1289 1574 deleatur.

184 1616 231 1682 At
260 1616 309 1681 his
334 1616 524 1682 coniecturis
547 1617 686 1681 nondum
709 1617 814 1681 omnia
838 1622 912 1680 sunt
935 1621 1058 1682 sanan.
1116 1616 1290 1682 Praedicat

184 1719 231 1808 (v.
255 1722 322 1786 973
347 1719 431 1806 sqq.)
457 1723 579 1788 Chorus
604 1724 806 1808 prudentiam
824 1743 843 1786 a
845 1731 921 1806 tque
937 1722 1126 1806 sapientiam
1141 1724 1210 1804 viri,
1242 1724 1292 1788 cui

184 1849 267 1916 pace
295 1830 384 1896 lacta
412 1831 516 1894 omnia
544 1830 641 1896 liceat
664 1850 810 1896 coemere
833 1832 928 1912 bona,
964 1851 1096 1914 quorum
1120 1830 1183 1894 alia
1207 1831 1291 1896 domi

190 1938 253 2003 siut
286 1937 386 2018 utilia,
411 1937 475 2002 alia
499 1945 666 2003 cenantem
693 1939 801 2003 iuvent
829 1938 949 2022 tepida.
1009 1937 1130 2016 Quibus
1154 1938 1248 2004 dictis
1272 1958 1292 2002 a

192 2065 221 2108 v.
245 2042 307 2108 977
336 2064 436 2127 usque
464 2046 504 2108 ad
533 2067 562 2111 v.
587 2044 653 2110 985
682 2045 788 2128 agitur
820 2046 859 2110 de
883 2046 997 2127 Marte,
1028 2056 1093 2112 tum
1116 2046 1149 2109 in
1171 2067 1201 2110 u.
1226 2043 1290 2109 986

193 2149 313 2218 cuorus
336 2153 421 2217 redit
443 2153 485 2215 ad
506 2153 726 2238 Dicaeopolin‚
752 2153 885 2235 addens,
909 2172 1043 2236 magnos
1067 2174 1138 2217 eum
1162 2153 1289 2236 spiritus

194 2278 318 2324 sumere
352 2259 473 2341 hasque
507 2280 630 2345 pennas
665 2268 740 2324 ante
775 2261 889 2325 ostium
923 2260 1082 2344 proicere,
1121 2266 1156 2323 ut
1189 2261 1291 2323 victus

192 2373 375 2450 argumento
400 2367 472 2432 sint.
520 2366 592 2430 Huc
615 2368 748 2446 accedit,
773 2367 859 2450 quod
882 2373 1010 2451 praeter
1037 2387 1087 2448 ea,
1110 2385 1192 2449 quae
1208 2386 1291 2431 nunc

194 2473 416 2554 transtulimus,
441 2475 541 2539 verba
564 2473 721 2539 *tuate
747 2469 802 2538 ἐπὶ
825 2469 860 2540 τό
884 2475 1017 2540 δεῖπνον
1040 2467 1107 2556 ἅμα
1128 2473 1205 2539 inv.
1223 2471 1289 2538 986

199 2587 333 2663 exstant,
359 2601 438 2665 quae
458 2602 520 2645 nou
542 2581 697 2645 vertenda
718 2587 791 2646 sunt
806 2581 866 2646 nisi
881 2582 981 2647 verbo
999 2581 1093 2646 cundi
1109 2581 1291 2648 subaudito.

190 2687 305 2772 Itaque
327 2690 484 2773 pessimus
508 2690 618 2753 horum
642 2709 789 2754 versuum
813 2709 974 2754 connexus
998 2697 1058 2754 est.
1105 2689 1220 2774 Aptius
1241 2695 1292 2753 est

189 2795 355 2878 magisque
385 2797 583 2875 'concinnum
620 2798 678 2862 hos
714 2797 793 2862 duos
827 2816 948 2879 versus,
986 2797 1039 2880 qui
1072 2797 1104 2860 in
1133 2803 1292 2860 exstrema

188 2902 276 2968 chori
300 2909 394 2989 parte
418 2909 500 2984 sunt,
524 2903 590 2967 illic
614 2905 781 2984 collocare,
806 2905 860 2967 ubi
883 2905 993 2969 melius
1018 2905 1059 2968 ad
1084 2922 1209 2968 sensum
1229 2902 1292 2966 loci

189 3029 223 3076 se
258 3012 508 3092 accommodant,
544 3012 565 3076 i.
595 3031 622 3076 e.
652 3019 726 3094 post
755 3032 785 3075 u.
810 3009 885 3076 975.
940 3011 990 3076 Ita
1019 3017 1153 3092 utraque
1181 3015 1292 3073 cautus

189 3139 274 3202 pars,
306 3126 339 3184 et
368 3131 449 3201 quae
475 3117 687 3202 Dicaeopoliu
714 3118 859 3182 laudibus
889 3099 991 3198 effert,
1021 3125 1054 3181 et
1082 3134 1165 3198 quae
1195 3113 1293 3181 Marti

187 3225 361 3307 maledicit,
386 3225 626 3309 circumscripta
649 3227 710 3289 erit
734 3232 766 3288 et
791 3232 959 3290 contextus
982 3243 1088 3288 rerum
1109 3223 1291 3288 verborum·

188 3353 250 3416 que
273 3353 337 3397 non
360 3333 578 3418 perturbatus.
625 3331 698 3396 Hoc
720 3339 875 3416 praestat,
901 3351 994 3414 quam
1018 3330 1226 3415 parenthesin
1250 3330 1290 3393 ab
1336 3349 1337 3354 ¹

189 3433 353 3522 αὐτόματα
376 3459 477 3522 usque
500 3441 542 3504 ad
565 3433 719 3522 ἀμπέλων
743 3443 896 3520 statuere,
921 3439 1004 3503 sicut
1026 3437 1144 3520 Bergk.
1170 3437 1293 3502 coniec-

189 3556 262 3611 tura
286 3567 343 3612 sua
367 3547 459 3630 dicit;
484 3548 548 3610 iam
570 3545 709 3610 Brunok.
734 3544 816 3608 huuc
839 3525 939 3610 totum
962 3545 1065 3610 locum
1090 3545 1145 3625 ita,
1170 3551 1205 3608 ut
1220 3563 1293 3628 pro·

188 3655 367 3738 posuimus,
398 3653 652 3720 constituendum
675 3651 808 3736 putavit.
869 3654 942 3718 Alia
964 3673 1028 3718 non
1050 3649 1226 3737 probanda,
1259 3655 1295 3713 ut

190 3780 241 3839 ea,
266 3781 348 3844 quae
370 3760 497 3826 Invern.
522 3760 615 3842 legit:

255 3871 311 3934 καί
332 3871 357 3934 ι’
383 3861 453 3954 (ἐπὶ
475 3864 511 3934 ud
534 3869 668 3933 δεῖπνον
691 3860 785 3950 cupa
807 3865 861 3932 καὶ
883 3860 1005 3949 μεγάλα
1029 3859 1070 3949 δή
1095 3859 1224 3948 φρονεῖ)

191 3980 225 4040 et
249 3993 296 4057 ea,
322 3995 405 4058 quae
427 3975 537 4040 Reisk.
563 3974 702 4039 coniecit
725 3969 780 4058 (cf.
805 3968 925 4059 supra).
972 3971 1055 4036 Illud
1080 3989 1173 4032 unum
1197 3967 1292 4034 modo

191 4081 341 4167 displicet
374 4083 407 4146 in
435 4083 586 4148 Brunclrii
620 4080 856 4161 emendatione,
894 4079 979 4162 quod
1006 4075 1294 4161 interpunctionem

190 4195 266 4274 post
289 4192 472 4256 κατεσθίειν
495 4189 653 4255 sublatam
675 4193 751 4274 post
773 4189 907 4253 deturbor
930 4185 1037 4269 posuit
1060 4184 1119 4250 sic:

261 4330 287 4398 *l
316 4331 351 4385 cl.
370 4327 542 4385 Bulsonnade
560 4329 589 4383 in
609 4327 700 4382 Wolfii
719 4325 799 4380 Anal.
819 4323 903 4394 susq.
924 4351 958 4362 -
