3148 4984
693 465 912 532 -23-

247 661 488 750 praepositione
516 681 585 726 cum
614 662 713 728 verbo
744 650 826 729 εἶναι
854 669 1055 730 constructus
1082 665 1220 749 ponitur,
1248 670 1283 732 ut
1306 667 1347 730 ab

247 769 471 855 Aristophane
500 769 571 854 ipso
599 769 648 836 Pl.
671 769 736 834 362
764 765 807 844 οἷς
841 764 939 837 οῦδὲν
972 765 1111 854 α’τεχνιίς
1143 765 1230 857 tyra
1264 767 1349 840 ἔστιν

247 873 391 959 οὐδενός,
428 876 469 941 cf.
498 876 539 942 ib.
571 875 646 942 870.
698 876 928 961 Nonnunquam
964 881 1217 946 constructiones
1251 887 1349 966 poeta

246 989 370 1053 miscet:
397 983 482 1068 quod
505 983 596 1049 vides
619 985 679 1068 llq.
707 983 766 1048 191
793 1005 879 1069 sqq.:

407 1087 429 1179 ἦ
452 1094 637 1182 δημαγωγία
660 1086 717 1177 γῦρ
742 1085 782 1158 οῦ
805 1089 887 1178 πρὸς
906 1089 1064 1176 μουσικοῦ

406 1197 446 1266 ἔτ’
472 1192 557 1265 ἐστὶν
580 1193 695 1284 α’νδρῦς
718 1194 797 1266 οῦδὲ
819 1197 959 1290 χρηστοῦ
981 1196 1056 1275 τοῦς
1076 1195 1221 1286 τρόπους,

404 1301 472 1371 ἀλλ’
499 1307 544 1380 εἰς
567 1301 683 1394 ἀμαθῆ
704 1307 758 1373 καὶ
779 1302 935 1393 βδελυρόν
988 1385 992 1392 ¹
1033 1295 1035 1298 ⁵

247 1437 309 1499 quo
337 1415 409 1481 loeo
446 1413 692 1497 animadvertas,
727 1414 919 1499 particulam
956 1415 1001 1488 εἰς
1035 1417 1076 1480 ad
1112 1415 1245 1480 eandem
1277 1415 1347 1481 fere

245 1523 407 1590 notionem
432 1528 590 1606 spectare.
638 1521 773 1586 Mixtam
789 1529 978 1587 structuram
1003 1517 1196 1606 (genetivum
1220 1527 1254 1588 et
1268 1517 1349 1608 πρός

246 1653 316 1698 cum
340 1624 429 1715 gen.)
452 1628 537 1712 legis
562 1630 658 1694 etiam
681 1628 782 1714 Vesp.
811 1628 910 1694 1014:

509 1734 601 1803 τοῦτο
624 1732 682 1822 γὰρ
708 1732 827 1802 σκαιιῦν
850 1735 978 1804 θεατῶν

512 1841 576 1910 ἐστὶ
599 1838 748 1925 πάσχειν,
772 1838 830 1910 κοῦ
855 1841 936 1929 πρὸς
959 1837 1058 1928 ῦμοῦν.

337 1952 397 2017 His
421 1951 506 2016 addo
531 1951 593 2016 duo
616 1950 770 2034 exempla,
796 1972 926 2036 quorum
950 1972 1045 2016 unum
1066 1949 1225 2016 invenitur
1245 1949 1347 2035 Vesp.

247 2058 311 2125 647
341 2055 399 2147 τήν
427 2052 486 2143 γάρ
508 2053 594 2144 ἐμήν
621 2050 721 2145 ὀργήν
747 2055 890 2124 πεπᾶναι
917 2042 1060 2141 χαλεπὸν
1085 2054 1131 2144 μή
1159 2052 1241 2142 πρὸς
1266 2054 1348 2142 ἐμοῦ

244 2169 367 2251 λέγοντι
392 2165 493 2249 „iram
518 2166 599 2230 enim
622 2186 727 2232 meam
749 2165 852 2230 lenire
876 2165 1006 2232 difficile
1022 2187 1086 2232 nou
1106 2166 1249 2249 loquenti
1272 2165 1346 2230 mihi

246 2283 325 2362 apte
347 2275 379 2341 h.
404 2293 432 2338 e.
457 2274 498 2338 ad
521 2270 749 2338 voluntatem“.
796 2273 890 2338 Alter
912 2275 1002 2342 locus
1030 2279 1138 2339 exstat
1160 2271 1202 2337 ib.
1227 2271 1292 2337 438
1320 2253 1347 2337 oi

245 2387 382 2468 Κέκροψ
404 2375 489 2466 ἥρως
511 2376 601 2462 ἄναξ,
626 2377 663 2446 τῦ
686 2377 768 2462 πρῦς
791 2381 902 2448 ποδοῖν
916 2383 1111 2472 Δρακοντίδη
1136 2401 1177 2462 ,,ο
1202 2379 1345 2464 Cecrops

243 2492 339 2555 heros
369 2489 508 2570 domiue,
545 2487 630 2571 quod
660 2490 702 2553 ad
729 2489 829 2574 pedes
857 2492 974 2555 attinet
1002 2487 1146 2574 (proprie
1170 2487 1275 2570 „quod
1304 2487 1344 2551 ad

244 2618 283 2663 ea
312 2596 427 2661 attinet
455 2615 536 2682 quae
571 2596 707 2680 pedibus
736 2603 813 2679 apta
847 2593 956 2683 sunt“)
991 2593 1210 2661 Dracontide“
1245 2594 1275 2659 h.
1313 2615 1341 2658 e.

244 2705 373 2790 „quiin
396 2703 567 2768 draconem
591 2700 741 2766 desinis“.

332 2811 482 2890 Restant,
525 2816 561 2874 ut
599 2809 662 2874 loci
697 2809 924 2894 Aristophanei
956 2815 1187 2889 enumerentur,
1231 2809 1342 2892 quibus

242 2913 324 3003 πρός
351 2919 383 2983 in
417 2917 493 2982 iuris
525 2916 651 2982 iurandi
685 2917 827 2982 formulis
859 2916 986 3000 legitur.
1039 2916 1194 3002 Superest
1225 2916 1344 2982 locutio

242 3021 324 3111 πρῦς
346 3024 408 3114 acio
430 3022 521 3090 θοῦν
543 3024 654 3090 tricies
676 3025 741 3088 bis:
777 3025 856 3088 th.
881 3021 933 3086 95.
960 3023 1018 3106 Ερ.
1044 3022 1234 3105 341,1390.
1258 3022 1343 3088 Nub.

242 3131 316 3214 τοο,
342 3131 417 3214 481,
446 3131 519 3213 τοι,
547 3131 642 3196 1103.
681 3131 781 3212 resp.
801 3130 866 3197 484
888 3111 929 3214 (ί
949 3127 1069 3214 apage.
1086 3127 1149 3214 a),
1175 3129 1249 3213 ιοο,
1268 3129 1342 3211 919,

246 3237 331 3302 1136
356 3233 404 3322 (π.
426 3233 553 3305 πάντων
573 3235 636 3323 a),
664 3237 873 3321 1218‚1388‚
894 3237 988 3303 1418.
1027 3239 1101 3303 Pac.
1119 3236 1150 3318 9,
1168 3237 1242 3317 322,
1268 3236 1343 3301 376.

243 3322 305 3408 lv.
322 3342 375 3424 aa,
395 3344 470 3425 aaa,
488 3343 563 3410 aaa.
588 3347 661 3430 ομ.
680 3343 753 3425 asc,
772 3345 847 3425 aar,
867 3343 962 3410 που.
991 3346 1050 3410 τι.
1072 3343 1144 3425 rra,
1162 3344 1236 3410 aaa.
1260 3345 1342 3410 san.

251 3448 346 3515 1248.
382 3449 691 3532 Εοο1.562,1095.
726 3453 774 3517 Pl.
804 3451 998 3534 4581147,
1032 3450 1126 3514 1176.
1162 3452 1237 3536 Frg.
1269 3451 1342 3516 146.

242 3557 339 3622 Aliae
367 3557 523 3622 formulae
553 3567 626 3624 suut
653 3553 733 3645 πρὸς
762 3556 818 3625 τοῦ
840 3553 916 3633 Διός
945 3557 1027 3624 Nub.
1059 3557 1132 3622 314.
1158 3559 1238 3624 Rau.
1268 3557 1342 3623 756.

241 3660 323 3749 πρὸς
345 3659 401 3729 τοῦ
423 3660 500 3737 Διὸς
522 3661 720 3750 τούλυμπίου
743 3666 802 3730 Ar.
823 3665 894 3730 130.
919 3663 1001 3750 πρὸς
1022 3664 1084 3732 νοῦν
1106 3660 1247 3748 γονάτων
1262 3664 1343 3731 Aah.

239 3769 305 3833 414
329 3767 382 3852 (ef.
408 3771 483 3835 Eur.
508 3770 592 3838 Med.
619 3767 708 3857 324).
740 3773 799 3856 llq.
828 3771 921 3838 1299.
956 3773 1031 3838 Pac.
1059 3771 1154 3837 1113.
1184 3769 1266 3858 πρὸς
1287 3767 1343 3858 τῆς

239 3873 412 3963 ΓῆςΝοΙ).
437 3877 511 3942 366.
537 3874 618 3962 πρός
640 3875 694 3964 τῆς
718 3875 823 3958 δεξιοῖς
845 3879 903 3943 Th.
921 3878 995 3944 936.
1022 3861 1048 3943 ci
1071 3874 1340 3964 attentaverit.

245 3980 379 4067 1018*).
426 3980 507 4069 πρός
540 3984 596 4072 τῆς
621 3980 739 4059 Ἑστίας
766 3985 815 4049 ΡΙ.
845 3983 919 4049 395.
967 3984 1094 4050 Oomice
1128 3985 1245 4052 dietum
1282 3993 1340 4069 est,

248 4201 249 4206 η
310 4122 337 4191 *)
367 4123 429 4178 Hoc
447 4123 507 4179 loco
526 4123 611 4178 Bekk.
631 4125 710 4195 legit:
745 4119 877 4184 κλίσιςνῖ

742 4209 922 4283 apotactitae
940 4213 985 4272 τας
1003 4207 1032 4265 ἐν
1051 4211 1171 4284 ἄντροιςῑ
