3148 4984
542 517 869 594 s-ssl-

200 721 278 786 fleat
300 718 382 784 euim
407 715 599 796 comitatum,
625 722 659 780 ut
681 734 794 780 versus
818 713 864 780 sic
879 715 1089 802 interpreter:
1115 715 1301 800 „serpentia

204 835 237 892 et
264 824 444 891 mordentia
473 823 579 887 omnia
607 841 815 905 quaecuuque
843 822 959 888 adsunt
986 819 1116 888 necibus
1144 823 1304 888 intereunt

206 933 263 998 sub
288 951 358 996 mea
388 927 461 994 ala“
485 929 516 992 h.
540 948 567 994 e.
592 930 666 1010 „ala
688 926 928 1013 prosequente“
952 929 1004 994 vel
1027 926 1176 1012 „quando
1200 926 1304 1010 volo“‚

205 1039 351 1122 „quando
375 1038 487 1102 volans
513 1035 639 1120 capi0“.
700 1036 797 1102 Dicat
828 1037 912 1118 quis,
948 1037 1220 1102 instrumentalem
1242 1037 1305 1100 vim

205 1145 439 1232 praepositioni
473 1145 595 1208 inesse:
632 1146 718 1226 quod
751 1163 813 1208 uon
842 1143 938 1227 plane
961 1144 1110 1228 repudio,
1147 1143 1204 1207 sed
1228 1143 1306 1208 haee

199 1251 427 1338 interpretatio
461 1252 563 1333 magis
598 1252 673 1317 mihi
707 1251 829 1336 placet3
869 1250 908 1314 cf.
945 1250 1039 1314 Hom.
1067 1255 1103 1332 A,
1140 1249 1204 1314 476
1239 1243 1305 1316 ύπδ

201 1355 369 1444 Ζεφύροιο
393 1354 478 1444 ἰωῆς.
503 1363 540 1438 Σ,
565 1357 644 1442 492;
669 1383 694 1438 τ,
718 1357 761 1422 48
778 1352 981 1424 δαίδωνύπο
997 1353 1245 1441 λαμπομενάων.
1262 1391 1305 1402 -

204 1466 279 1531 Non
312 1471 479 1549 praetereo
517 1466 597 1532 Ach.
623 1464 706 1528 1001
743 1459 807 1533 ύπδ
835 1463 890 1550 τῆς
917 1459 1090 1549 σάλπιγγος
1115 1467 1235 1545 πίνειν,
1272 1472 1306 1530 ut

207 1573 328 1638 Herod.
355 1572 382 1653 1,
410 1571 449 1636 17
475 1567 540 1637 ύπδ
564 1575 719 1655 συρίγγων
735 1566 972 1655 στρατεύεσθαι.
1013 1573 1087 1636 Eur.
1105 1573 1223 1636 Bacch.
1243 1569 1305 1636 156

203 1673 267 1746 ύπά
297 1673 480 1762 τυμπάνων.
527 1680 624 1744 Theo.
650 1679 680 1761 5,
707 1678 748 1742 70
775 1674 826 1746 ὑπ’
852 1673 1006 1769 αύλητῶν.
1052 1679 1137 1744 Xen.
1163 1679 1304 1757 Ηο11.2,

201 1788 232 1867 2,
259 1787 301 1851 23
330 1783 384 1853 ὑπ’
415 1781 622 1877 αύλητρίδων.
669 1787 814 1872 Denique
842 1787 1037 1853 rarissimum
1061 1797 1112 1853 est
1134 1789 1193 1853 Th.
1221 1787 1306 1852 1030

201 1889 257 1980 ὕφ’
282 1888 402 1980 ἡλίκων
424 1896 580 1960 νεανίδων
603 1892 718 1984 ἐστηκα
738 1911 800 1978 'pro
823 1894 900 1978 μεθ’
926 1887 983 1984 ιγλ.Ι
1001 1904 1110 1961 ναοί
1134 1892 1193 1962 σίν
1218 1890 1305 1982 ἥλιξι

201 2002 355 2068 νεάνισιν.

291 2109 359 2172 Iam
393 2109 593 2192 pervenimus
628 2109 668 2172 ad
701 2110 840 2175 dativum
865 2131 987 2193 casum,
1018 2130 1109 2194 quem
1138 2111 1223 2175 haud
1245 2111 1306 2176 fre-

202 2223 338 2301 quenter
360 2216 436 2297 legi.
483 2215 609 2300 Ubique
632 2219 831 2303 praepositio
854 2219 989 2283 localem
1012 2219 1174 2282 notionem
1196 2225 1304 2282 servat

204 2333 299 2406 atque
340 2324 445 2389 locum
487 2324 621 2404 indicat,
668 2325 724 2388 sub
771 2345 832 2406 quo
872 2325 947 2408 quid
986 2331 1133 2390 versatur
1173 2326 1223 2390 vel
1260 2324 1306 2389 fit.

78 2429 82 2442 '
205 2430 298 2494 Haec
335 2431 477 2516 exempla
515 2439 697 2496 occurrunt:
737 2431 820 2497 Nub.
853 2431 937 2495 1005
976 2425 1040 2498 ύπό
1077 2442 1144 2506 ταῖς
1178 2435 1307 2518 μορίαις

209 2529 387 2620 άπο9ρέζει.
435 2538 536 2622 Vesp.
576 2539 637 2602 108
672 2532 737 2604 ύπό
771 2549 835 2613 τοῖς
863 2535 951 2618 ὄνυξι
990 2535 1087 2629 κηρὸν
1121 2534 1306 2606 άναπεπλα-

207 2647 326 2727 σμένος.
371 2647 414 2710 ib.
439 2645 504 2709 386
540 2639 604 2712 ύπό
631 2655 711 2712 τοῖσι
739 2641 931 2732 δρυφάκτοις
958 2653 1078 2714 θεῖναι.
1137 2649 1216 2712 Aah.
1242 2646 1305 2711 615

203 2745 267 2817 ύπό
294 2747 435 2836 θάμνοις
462 2752 515 2819 καὶ
543 2757 717 2840 πρινιδίοις
744 2749 936 2842 οἰκήσουσιν.
989 2753 1036 2820 Of.
1062 2755 1156 2820 Hom.
1180 2762 1215 2834 E,
1242 2753 1306 2817 693

202 2851 291 2925 εἷσαν
325 2855 380 2926 ὑπ’
417 2856 574 2943 αἰγιόχοιο
607 2859 682 2936 Δίὸς
715 2865 901 2947 περικαλλέϊ
935 2862 1037 2952 φηγῶ.
1072 2869 1108 2926 Σ.
1137 2861 1201 2924 558
1242 2855 1306 2926 ύπό

202 2967 278 3052 δρυῒι
302 2971 394 3033 δαῖτα
423 2972 568 3034 πένοντο.
617 2969 713 3054 Soph.
739 2971 821 3033 Phil.
846 2970 910 3035 286
939 2967 1003 3036 ύπὸ
1031 2973 1131 3058 στέγη.
1181 2969 1224 3034 ib.
1253 2968 1305 3032 ni.

204 3072 268 3137 754
303 3062 402 3159 εἷρξαι
435 3075 551 3140 Αἴανθ’
590 3071 655 3142 inci
692 3087 847 3166 σκηναῖσι.
905 3078 978 3140 Vid.
1011 3097 1051 3140 ex
1080 3077 1180 3140 Arist.
1210 3076 1306 3140 etiam

203 3184 263 3245 nv.
292 3182 386 3246 reos.
411 3182 469 3246 m.
495 3181 570 3263 aas,
596 3181 671 3246 eeu.
696 3185 784 3250 noer.
814 3184 885 3248 184.
909 3183 986 3268 mg.
1013 3181 1085 3249 ιιι.

290 3289 466 3373 Perpaucis
500 3298 663 3374 postremo
700 3292 913 3359 accusativum
941 3292 1105 3374 attingam.
1156 3291 1307 3357 Loealem

201 3393 277 3479 vim,
317 3415 356 3460 ex
397 3419 460 3478 qua
498 3398 588 3462 locus
622 3397 832 3481 significatur,
870 3401 927 3464 sub
964 3420 1056 3482 quem
1094 3399 1305 3486 proficiscitur

202 3504 337 3588 aliquid,
383 3506 603 3588 cognoscimus
642 3504 725 3571 Nub.
768 3504 830 3568 192
871 3490 959 3572 οὗτοι
1004 3508 1032 3574 δ’
1074 3503 1306 3593 ἐρεβοδιφῶσιν

202 3605 266 3676 rino
301 3606 356 3676 τόν
394 3608 575 3698 Τάρταρον.
609 3613 652 3676 ib.
693 3612 777 3676 1300
811 3610 928 3679 κεντῶν
962 3609 1027 3681 ύπὸ
1060 3611 1116 3681 τάν
1150 3609 1304 3699 πρωκτόν.

202 3717 278 3783 Pac.
310 3717 373 3782 199
408 3714 462 3784 ὑπ’
504 3713 600 3785 αύτδν
638 3714 796 3803 τούρανού
830 3714 981 3807 κύτταρον
1021 3743 1064 3786 sc.
1100 3719 1304 3808 ἐξῳκισμένοι

202 3827 290 3891 είσίν.
326 3827 368 3891 ib.
406 3826 470 3889 722
505 3820 560 3911 ὑφ’
597 3820 710 3910 ἅρματ’
742 3823 861 3894 ettae.
917 3829 991 3912 Lye.
1027 3827 1103 3893 428.
1138 3828 1197 3891 Th.
1230 3826 1304 3892 133.

200 3932 250 3999 Pl.
283 3931 356 3997 735.
416 3935 489 3998 Ηοο
512 3934 606 3999 modo
631 3935 726 3999 Hom.
750 3936 786 4016 λ,
818 3934 882 4000 253
922 3929 986 4001 ύπδ
1014 3929 1132 4000 πόντον
1164 3929 1304 4000 ἐδύσετο.

200 4064 235 4120 υ,
261 4040 302 4104 81
340 4049 433 4124 γαῖαν
469 4035 533 4108 ύπο
570 4039 721 4130 στυγερήν
757 4039 943 4132 α’φικοίμην.
1000 4048 1042 4124 Ε,
1069 4040 1131 4105 731
1167 4036 1232 4108 tino
1268 4039 1305 4107 δέ

204 4141 297 4228 ζυγῶν
344 4145 461 4236 ἤγαγεν
502 4145 589 4242 Ἥρη
632 4149 762 4224 ἵππους.
820 4149 938 4216 Aeseh.
982 4149 1089 4214 Prom.
1134 4149 1199 4214 463
1248 4143 1304 4234 ὑφ’

205 4247 318 4344 ἅρματ’
349 4252 470 4348 ἤγαγον
491 4256 621 4340 ἵππους.
645 4258 737 4328 Piud.
761 4257 853 4347 Pyro.
879 4255 909 4340 9,
935 4257 975 4326 81
999 4252 1129 4347 κρύφον
1152 4251 1215 4326 ύπύ
1238 4255 1305 4344 γάν.
