3148 4984
598 557 875 652 ‚⁸4-

221 743 325 835 α’κμῆς
351 775 380 806 --
408 750 460 829 „in
483 750 704 834 discrimine“;
731 749 771 816 of.
797 751 919 816 Herod.
949 751 981 833 6,
1007 751 1046 816 11
1071 749 1125 819 ἐπὶ
1148 752 1244 838 ξυροῦ
1265 749 1322 836 γὰρ

107 863 109 870 ’
220 851 323 942 ἀκμῆς
350 853 454 936 ἔχεται
478 849 555 943 ἡμῖν
577 853 615 922 τοὶ
638 850 806 941 πράγματα
828 852 850 944 ἢ
873 845 956 924 εἶναι
979 855 1181 946 ἐλευθέροισι
1205 855 1227 946 ἢ
1250 855 1323 926 θοῦ-

218 951 309 1030 λοισι
339 949 372 1028 et
396 961 490 1028 Hom.
514 963 552 1028 Il.
576 970 614 1046 K,
642 963 705 1028 173
739 960 794 1032 ἐπὶ
828 961 925 1048 ξυροῦ
951 961 1073 1032 ἵσταται
1107 959 1226 1052 α’κμῆςς
1261 966 1325 1032 vid.

219 1070 317 1134 eoam
339 1069 483 1152 nneogn.
500 1067 581 1132 σοι.
602 1069 699 1156 eopn.
716 1071 793 1134 ant.
820 1069 894 1134 νου.
935 1070 1009 1136 uuo
1032 1056 1174 1158 pertinet
1192 1073 1268 1157 hys.
1282 1073 1324 1136 31

219 1173 270 1242 ἐπ’
306 1170 415 1258 ὀλίγον
438 1173 498 1261 γάρ
528 1177 656 1258 εἴχετο,
682 1198 744 1260 quo
773 1178 844 1242 looo
868 1175 1004 1258 ἔχεσθαι
1027 1181 1104 1244 nihil
1127 1181 1212 1246 aliud
1236 1181 1326 1245 valet

221 1303 313 1366 quam
342 1270 425 1349 εἶναι
453 1284 705 1350 hao·sententia
736 1304 858 1368 „nequo
887 1286 970 1350 euim
993 1287 1123 1351 multum
1146 1287 1225 1353 afuit
1249 1287 1323 1370 quin

221 1386 358 1474 (periret
382 1386 568 1475 Graecia)“.
614 1391 688 1456 Non
712 1391 806 1456 aliter
829 1389 862 1465 ἐς
885 1385 994 1475 ὀλίγον
1018 1396 1101 1478 apud
1126 1394 1267 1478 Thucyd.
1293 1391 1323 1476 4,

216 1496 300 1561 *1292
326 1495 359 1572 ἐς
382 1491 491 1579 ὀλίγον
514 1491 646 1584 α’φίκετυ
671 1494 856 1588 νικηθῆναι.

308 1605 433 1691 Deinde
462 1606 595 1694 eandem
624 1602 856 1690 praepositioni
888 1605 949 1670 vim
975 1625 1047 1670 osse
1071 1608 1175 1698 elucet
1199 1629 1238 1673 ox
1261 1609 1323 1673 his:

221 1709 310 1792 ἔχειν
330 1709 384 1776 ἐπὶ
406 1707 462 1798 τῆς
484 1709 628 1799 κεφαλῆς
650 1713 710 1776 Au.
734 1710 809 1792 487,
835 1711 910 1776 515.
936 1716 1048 1799 φέρειν
1075 1712 1129 1781 ἐπὶ
1152 1715 1206 1802 τῆς
1228 1737 1324 1800 κεφα-

224 1814 283 1904 λῆς
306 1813 403 1904 scol
418 1817 492 1901 222,
517 1819 565 1882 Pl.
593 1817 688 1900 1198,
714 1826 749 1884 ut
773 1819 868 1883 Hom.
892 1845 920 1901 κ,
948 1820 1010 1883 170
1034 1818 1083 1887 ἐπ’
1107 1817 1197 1905 οἵμου
1212 1826 1325 1909 φέρειν

223 1932 256 1990 et
268 1925 378 2008 λαβεῖν
390 1925 506 1990 Anaer.
526 1925 573 2001 12,
589 1928 622 2005 8;
640 1924 694 1992 ε’πὶ
705 1923 761 2011 τῆς
771 1924 915 2012 κεφαλῆς
927 1952 962 2011 ῳ.
977 1930 1071 1992 etiam
1087 1931 1209 1996 Herod.
1223 1927 1253 2009 5,
1272 1930 1322 1994 12.

6 2026 7 2035 ’
111 2104 113 2108 ,
221 2025 380 2116 εῦρίσκειν
403 2030 457 2098 ἐπὶ
480 2029 536 2119 τῆς
557 2034 667 2122 κλίνης
690 2028 769 2117 ὅφιν
792 2033 977 2118 Εοο1.909;
1003 2036 1043 2098 of.
1068 2037 1140 2120 Lys.
1159 2036 1232 2116 575,
1248 2037 1323 2102 732.

220 2137 343 2203 Herod.
372 2138 399 2230 1,
430 2139 491 2204 182
526 2134 739 2222 οίμπαῦεσθυι
767 2137 821 2205 ἐπὶ
849 2141 966 2231 κλίνης.
998 2143 1074 2206 Luo.
1099 2145 1187 2207 Asin.
1214 2144 1234 2207 3
1257 2167 1324 2235 κοι-Ι

219 2243 347 2329 μᾶσθαι
375 2243 428 2312 ε’πί
455 2248 503 2316 κλ.
531 2283 576 2292 -
604 2243 696 2333 ᾅδειν
723 2244 777 2313 ἐπὶ
799 2245 861 2312 τῶν
883 2249 1011 2334 κραδῶν
1035 2252 1093 2315 hv.
1119 2250 1172 2332 40,
1198 2273 1259 2334 qna
1284 2272 1323 2316 ox

220 2353 379 2418 locutione
403 2355 571 2420 formatum
595 2363 646 2420 est
669 2355 788 2419 comice
811 2349 903 2440 ᾄδειν
921 2353 979 2422 ,ἐπὶ
1002 2355 1066 2422 νῦν
1089 2357 1187 2424 δικῶν
1209 2360 1250 2423 ib.
1269 2359 1322 2423 41.

220 2454 465 2543 α’ναγιγνοίσκειν
488 2459 542 2527 ἐπὶ
564 2458 620 2547 τῆς
642 2456 722 2534 νεοίς
745 2462 826 2526 Ran.
844 2459 898 2526 52.
923 2460 973 2547 ἐφ’
1000 2458 1073 2532 ὅτου
1097 2463 1143 2548 (h.
1157 2485 1184 2530 e.
1197 2465 1322 2551 βωμοῦ)

219 2561 366 2650 θῦσομεν
394 2569 468 2632 Pae.
494 2567 573 2650 938,
609 2568 705 2632 veluti
740 2568 822 2633 Xon.
848 2570 942 2634 Mem.
970 2571 997 2652 1,
1026 2573 1053 2652 1,
1085 2572 1105 2634 2
1140 2565 1237 2638 θύειν
1270 2571 1324 2640 ἐπὶ

220 2672 343 2761 βωμοῦ.
369 2709 412 2720 -·
435 2676 533 2741 λίθον
548 2697 589 2760 με
605 2677 750 2766 ποίησον,
769 2673 820 2760 ἐφ’
840 2661 879 2741 οῦ
894 2673 949 2750 τὰς
962 2682 1091 2763 χοιρίνα
1123 2674 1322 2763 ἀριθμοῦσιν

222 2781 323 2865 Vesp.
354 2781 428 2846 332.
463 2786 568 2864 χέζειν
595 2781 648 2848 ἐπὶ
671 2779 798 2869 χρυσοῦν
828 2777 913 2868 ὅροῦν
937 2785 1017 2848 th.
1043 2785 1094 2848 82.
1120 2784 1173 2852 ἐπὶ
1196 2788 1324 2878 ταυτησὶ

220 2885 279 2972 (so.
305 2887 360 2974 τῆς
382 2887 547 2979 τραπέζης)
575 2877 833 2982 κατακνησθείην
856 2891 914 2973 oq.
941 2890 1018 2954 771.
1052 2890 1106 2958 ἐπὶ
1129 2897 1245 2979 πέτρας
1269 2898 1323 2984 δη-

217 2995 367 3086 μηγορῶν
401 2998 442 3060 ib.
469 2995 543 3061 956.
580 2995 635 3063 ε’πὶ
668 2997 730 3064 τοῦν
763 3002 888 3089 μηρίων
921 2997 1044 3088 πληγὲν
1077 3004 1221 3090 μαχαίρᾳ
1249 3002 1324 3090 τῇδε

221 3105 279 3169 Th.
305 3102 379 3167 693.

307 3210 382 3288 His
396 3211 491 3294 locis,
528 3213 640 3295 quibus
670 3231 810 3296 persona
834 3214 886 3278 vel
908 3233 961 3278 res
985 3215 1079 3282 alteri
1102 3219 1150 3281 rei
1172 3218 1323 3301 imposita

141 3350 143 3358 ⁴
219 3336 291 3382 esse
315 3318 443 3399 dieitur,
468 3320 737 3404 praepositionem
761 3318 816 3386 ἐπί
837 3329 925 3386 recte
949 3325 1137 3387 nostratium
1161 3324 1321 3408 particula

220 3423 312 3506 „auf“
350 3425 514 3490 vertimus:
549 3447 629 3491 voce
667 3427 756 3507 „an“·
779 3429 1028 3515 interpretamur
1051 3428 1107 3496 ἐπί
1129 3431 1230 3515 Vesp.
1257 3432 1320 3496 808

221 3525 411 3619 κρεμήσεται
436 3529 489 3598 ἐπὶ
513 3531 570 3598 τοῦ
592 3527 762 3600 παττάλου.
810 3536 1004 3613 Quibusdam
1026 3537 1059 3600 iu
1084 3517 1321 3603 constructioni·

217 3640 277 3704 bus
312 3647 482 3724 usurpatur
516 3638 570 3706 ἐπὶ
607 3633 736 3730 Θρᾴκης
770 3644 800 3707 h.
828 3664 856 3708 e.
893 3644 955 3724 „ad
978 3645 1149 3709 Thraciam
1176 3644 1319 3726 versus“,

220 3746 281 3827 „ad
320 3747 477 3811 Thraciae
515 3748 630 3831 fines“,
671 3769 768 3832 saepe
811 3751 861 3830 „in
904 3751 1056 3833 Thracia,
1097 3750 1132 3818 ἐν
1175 3748 1320 3839 Θρᾴκηίίε

218 3854 298 3918 th.
323 3852 398 3916 602.
428 3853 527 3941 Vesp.
547 3855 621 3920 288.
647 3856 723 3921 Pao.
742 3855 816 3920 283.
842 3860 900 3923 Ar.
919 3857 1003 3922 1369
1028 3855 1092 3942 (his
1116 3859 1216 3922 tribus
1240 3858 1319 3923 loeis

218 3960 307 4024 vides
330 3956 406 4026 τάπὶ
432 3957 496 4046 0.).
521 3962 594 4045 lays,
615 3963 686 4026 103.
727 3962 778 4027 sic
800 3964 884 4047 apud
900 3965 1000 4030 Thus.
1017 3964 1046 4045 5,
1065 3961 1109 4028 34
1129 3971 1162 4028 et
1177 3964 1318 4049 saepius;

218 4065 301 4130 Xen.
326 4069 430 4132 Anah.
456 4068 486 4145 7,
512 4069 532 4133 6
566 4073 677 4154 με’νειν
711 4068 766 4135 ἐπὶ
794 4067 932 4162 Θρᾴκης.
979 4071 1078 4136 Simili
1112 4071 1238 4135 retione
1274 4072 1320 4137 di-

217 4175 298 4238 eitur
328 4175 468 4241 aThuo.
498 4178 523 4258 1,
552 4177 591 4240 13
620 4173 678 4263 τῆν
705 4172 801 4243 πόλιν
829 4175 989 4251 οἰκοῦντες
1015 4175 1068 4243 ἐπὶ
1095 4175 1152 4242 τοῦ
1173 4172 1317 4271 Ἰσθμοῦ.

219 4279 300 4344 Plut.
325 4281 416 4346 Rom.
445 4283 484 4347 16
509 4282 563 4350 ἐπὶ
585 4283 643 4351 τοῦ
666 4289 879 4370 στρατοπέδου
903 4273 994 4350 εἶναι.
1042 4285 1154 4370 Polyb.
1175 4285 1224 4370 14,
1251 4287 1312 4368 7,]
