3148 4984
655 569 876 633 ..14-

218 759 409 851 όρνιθευτής
441 763 546 855 ἵστησι
573 759 718 848 βρόχους.
780 764 861 828 Rau.
893 762 979 827 1294
1012 759 1048 829 τό
1077 763 1238 848 συγκλινές
1265 763 1315 832 εἰτ’

218 873 338 953 Αἴαντι,
364 873 452 937 euius
469 872 532 936 loci
547 889 587 936 ex
602 865 812 955 Thraesrisr)
829 871 978 955 Aeschyli
997 873 1113 957 sumpti
1128 873 1317 937 vocabulum

217 981 379 1062 συγκλινές
395 979 577 1044 Dindorfius
593 979 692 1044 habet
707 985 904 1064 suspectum:
929 978 1122 1044 lhitzschius
1138 997 1177 1044 eo
1193 980 1316 1044 intelle·

213 1088 260 1170 git
289 1088 382 1152 Aiaci
410 1087 629 1151 circumfusam
658 1083 897 1151 Salaminiorum
924 1087 1117 1171 phalangem
1143 1084 1195 1170 (ol.
1221 1087 1316 1152 Hom.

213 1201 251 1275 N,
291 1191 353 1257 125
390 1189 475 1276 sqq.)
513 1201 545 1257 et
581 1192 798 1256 Hermaunus:
836 1189 871 1258 τό
896 1194 1056 1276 συγκλινές
1082 1195 1107 1258 τ’
1132 1192 1181 1260 ἐπ’
1208 1194 1316 1259 Αἴαντι

215 1296 339 1386 [ξίφοςλ
386 1301 525 1365 Brunck.
550 1300 646 1364 vertit
671 1301 775 1382 „quod
799 1301 839 1364 ad
867 1302 998 1366 Aiacem
1021 1301 1189 1385 inclinat“;
1221 1301 1329 1378 Coun.¹

217 1410 325 1490 „Aias'
361 1405 760 1492 Tischgenossenschaft“;
796 1405 918 1473 Welck.
957 1409 1028 1490 „die
1056 1409 1317 1492 Umlagerungeu

215 1517 273 1580 des
293 1515 373 1600 A.“;
398 1516 495 1580 Voss,
521 1535 607 1596 „was
626 1514 789 1578 auflauert
805 1516 876 1580 dem
894 1516 977 1579 Held
995 1515 1072 1600 A.“;
1097 1517 1212 1600 Droys.
1232 1536 1317 1596 „was

216 1622 284 1687 sich
314 1623 373 1686 aui
397 1625 436 1687 A.
461 1621 669 1686 hinstiirzet“.
721 1622 885 1706 Diversae,
910 1630 946 1688 ut
967 1625 1068 1704 vides,
1094 1632 1126 1689 et
1150 1625 1317 1709 oppositae

211 1711 288 1794 'sunt
326 1732 411 1794 inter
447 1749 482 1794 sc
515 1732 597 1794 istae
632 1731 915 1813 interpretationes
945 1751 983 1796 ac
1006 1732 1120 1796 merito
1143 1752 1214 1794 num
1238 1748 1316 1794 voce

215 1839 378 1920 συγκλινές
410 1838 490 1902 haec
526 1837 662 1921 exprimi
694 1837 820 1921 possint
853 1838 990 1903 dubites.
1048 1839 1112 1903 Per
1142 1859 1176 1903 se
1205 1856 1316 1901 versus

215 1966 326 2031 parum
362 1945 522 2030 perspicui
559 1952 632 2009 sunt
660 1953 693 2009 et
721 1965 794 2008 esse
818 1946 946 2027 debent,
977 1947 1124 2028 quoniam
1147 1945 1317 2029 Euripides

214 2054 406 2137 Aeschylum
423 2053 560 2116 irridens
577 2052 740 2135 parodiam
758 2053 894 2137 praebet
904 2073 943 2116 ex
955 2074 1097 2118 connexu
1110 2053 1314 2136 discerptam.

214 2159 280 2223 Vix
315 2161 467 2241 arbitrer,
506 2162 612 2224 Aiacis
649 2160 753 2224 socios
790 2179 863 2224 esse
897 2161 1145 2244 intellegendos,
1183 2179 1316 2242 quorum

218 2287 357 2351 corpora
395 2269 506 2334 avibus
542 2269 668 2334 obieeta
704 2268 781 2352 sint;
816 2269 922 2352 potius
957 2267 1230 2352 praepositionem
1263 2263 1318 2330 e’ni

215 2374 330 2439 Latino
363 2374 514 2455 „eontra“
545 2377 743 2461 respondere
773 2377 971 2440 contendam,
1007 2411 1048 2420 -
1079 2374 1156 2438 Loci
1185 2375 1237 2456 qui
1269 2392 1315 2438 se·

216 2489 352 2564 quuntur
376 2483 482 2546 hostili
509 2503 602 2576 sensu
628 2491 755 2548 carent:
781 2483 882 2567 Vesp.
907 2479 1317 2572 attramentarium

214 2595 327 2678 κημοῖς
364 2591 532 2669 „accedam
569 2592 609 2654 ad
644 2591 773 2654 uruas“.
831 2594 891 2653 Av.
927 2590 992 2653 438
1031 2587 1083 2673 ἐφ’
1117 2582 1319 2672 eiuncescit

214 2693 326 2779 λόγοις
355 2698 492 2775 συνέλεξ’
528 2692 591 2777 ἐγώ
611 2747 617 2760 .
641 2699 683 2761 ib.
714 2697 779 2760 460
808 2696 859 2781 ἐφ’
891 2692 1013 2783 ὅτῳπερ
1038 2692 1197 2781 πράγματι
1221 2691 1315 2783 ἥκεις.

215 2805 296 2870 Rau.
325 2802 409 2869 1496
433 2801 486 2870 ἐπὶ
517 2811 680 2886 σεμνοῖσιν
702 2799 823 2885 λόγοισι
848 2854 879 2868 ..
903 2800 1068 2889 διατριβήν
1092 2798 1190 2889 ἄργόν
1216 2811 1316 2870 ποιεῖ-

217 2917 298 2978 σθαι
323 2914 375 2994 „iu
399 2912 536 2978 studium
559 2913 670 2976 iners.
689 2910 927 2988 ,incumbere“,
952 2910 1006 2974 ubi
1027 2911 1126 2974 Attici
1143 2912 1317 2996 scriptores

216 3021 400 3106 plerumque
439 3027 628 3084 construunt
665 3014 830 3106 διατριβήν
874 3024 1043 3084 ποιεῖσθαι
1082 3021 1158 3099 περί
1194 3044 1223 3084 τι
1262 3017 1317 3103 (cf.

213 3127 288 3210 Lys.
329 3127 386 3208 16,
434 3128 485 3191 11.
535 3127 619 3192 Plat.
660 3127 759 3191 Gonv.
804 3125 879 3207 177,
920 3120 972 3209 lt).
1044 3127 1148 3191 Etiam
1187 3128 1315 3211 planius

215 3234 285 3297 aliis
324 3234 404 3298 loeis
439 3256 498 3319 per
533 3236 774 3299 translationem
808 3235 1050 3319 praepositione
1084 3233 1246 3298 consilium
1282 3239 1316 3297 et

215 3340 347 3405 effectus
377 3342 587 3426 significatur3
624 3343 802 3427 spectanda
831 3351 904 3406 sunt
937 3341 1033 3406 haec:
1069 3341 1126 3423 Eq.
1151 3338 1226 3418 468,
1252 3338 1317 3404 469

214 3448 267 3514 καὶ
295 3446 379 3512 ταῦτ’
409 3445 460 3531 ἐφ’
492 3441 575 3513 οἷσίν
603 3447 666 3514 ἐστι
698 3444 935 3534 συμφυσώμενα
959 3430 1051 3534 ἐγῷδ’
1070 3463 1078 3478 ·
1095 3445 1148 3513 ἐπὶ
1172 3442 1229 3532 γὰρ
1253 3455 1319 3520 τοῖς

215 3558 398 3638 δεδεμένοις
431 3550 629 3636 χαλκεύεται,
666 3577 727 3638 quo
763 3558 834 3621 loco
870 3553 920 3640 ἐφ’
956 3549 1041 3621 οἶσιν
1076 3555 1188 3618 eodem
1221 3573 1316 3618 sensu

216 3663 335 3730 dictum
366 3669 416 3728 est
440 3670 536 3744 atquc
558 3664 591 3725 in
615 3664 725 3744 lingua
747 3664 863 3728 Latina
889 3683 1001 3746 „quem
1025 3662 1191 3741 adfinem,
1223 3680 1316 3742 quam

215 3771 256 3837 ob
284 3771 384 3853 rem“‚
415 3777 448 3834 et
475 3768 528 3835 ἐπὶ
550 3795 575 3834 τ.
602 3773 630 3835 δ.
660 3771 859 3855 respondent
887 3771 1039 3834 locutioni
1067 3776 1219 3852 „propter
1243 3787 1316 3851 eap-

213 3880 316 3944 tivos“
352 3881 382 3944 h.
413 3898 441 3944 e.
480 3896 538 3958 „eo
568 3878 710 3956 consilio,
749 3887 784 3942 ut
813 3899 852 3942 ex
881 3878 1014 3962 captivis
1042 3877 1162 3940 lucrum
1194 3873 1318 3938 iaceret

217 3981 379 4070 (οιιιιγ.
428 3988 480 4054 sic
504 3985 599 4072 ειμι.
625 3984 706 4050 rut
731 3983 774 4048 so
798 3983 849 4069 ἐφ’
875 3977 924 4058 ος
945 3978 1117 4069 retrusas.
1176 3981 1227 4046 ιι.
1253 3980 1316 4044 τοι

216 4182 429 4192 ———-—-—..

305 4321 332 4388 l)
361 4323 393 4377 cf.
415 4323 521 4380 Schola
539 4323 728 4390 ,Ἀπολλώνιος
747 4318 775 4374 δι’
794 4336 878 4394 φησιν
896 4315 924 4372 ἐκ
941 4319 1071 4391 &opsonia
1089 4315 1153 4372 αὐτὰ
1173 4313 1266 4372 sinaut
1286 4349 1318 4359 -
