<?xml version="1.0" encoding="UTF-8"?>
<!DOCTYPE html PUBLIC "-//W3C//DTD XHTML 1.0 Transitional//EN"
    "http://www.w3.org/TR/xhtml1/DTD/xhtml1-transitional.dtd">
<html xmlns="http://www.w3.org/1999/xhtml" xml:lang="en" lang="en">
 <head>
  <title>
</title>
<meta http-equiv="Content-Type" content="text/html;charset=utf-8" />
  <meta name='ocr-system' content='tesseract 3.04.00' />
  <meta name='ocr-capabilities' content='ocr_page ocr_carea ocr_par ocr_line ocrx_word'/>
</head>
<body>
  <div class='ocr_page' id='page_1' title='image "./depraepositioni00vogegoog_0050.png"; bbox 0 0 3148 4984; ppageno 0'>
   <div class='ocr_carea' id='block_1_1' title="bbox 625 515 847 580">
    <p class='ocr_par' dir='ltr' id='par_1_1' title="bbox 625 515 847 580">
     <span class='ocr_line' id='line_1_1' title="bbox 625 515 847 580; baseline 0.005 -19"><span class='ocrx_word' id='word_1_1' title='bbox 625 515 847 580; x_wconf 67' lang='lat'><strong>„41-</strong></span> 
     </span>
    </p>
   </div>
   <div class='ocr_carea' id='block_1_2' title="bbox 136 709 1287 2192">
    <p class='ocr_par' dir='ltr' id='par_1_2' title="bbox 136 709 1287 2192">
     <span class='ocr_line' id='line_1_2' title="bbox 258 709 1286 799; baseline 0.004 -21"><span class='ocrx_word' id='word_1_2' title='bbox 258 709 417 778; x_wconf 85' lang='lat' dir='ltr'><strong>Gennina</strong></span> <span class='ocrx_word' id='word_1_3' title='bbox 453 712 704 799; x_wconf 79' lang='lat' dir='ltr'><strong>praepositionis</strong></span> <span class='ocrx_word' id='word_1_4' title='bbox 740 712 947 797; x_wconf 79' lang='lat' dir='ltr'><strong>signifioetn&#39;o,</strong></span> <span class='ocrx_word' id='word_1_5' title='bbox 990 732 1073 798; x_wconf 88' lang='lat' dir='ltr'><strong>quae</strong></span> <span class='ocrx_word' id='word_1_6' title='bbox 1107 713 1149 780; x_wconf 86' lang='lat' dir='ltr'><strong>ad</strong></span> <span class='ocrx_word' id='word_1_7' title='bbox 1182 715 1286 782; x_wconf 82' lang='lat' dir='ltr'><strong>locum</strong></span> 
     </span>
     <span class='ocr_line' id='line_1_3' title="bbox 163 818 1286 906; baseline 0.004 -24"><span class='ocrx_word' id='word_1_8' title='bbox 163 819 335 904; x_wconf 75' lang='lat' dir='ltr'><strong>pertinet,</strong></span> <span class='ocrx_word' id='word_1_9' title='bbox 378 820 483 885; x_wconf 84' lang='lat' dir='ltr'><strong>multis</strong></span> <span class='ocrx_word' id='word_1_10' title='bbox 524 820 604 886; x_wconf 86' lang='lat' dir='ltr'><strong>loeis</strong></span> <span class='ocrx_word' id='word_1_11' title='bbox 639 828 768 886; x_wconf 85' lang='lat' dir='ltr'><strong>servata</strong></span> <span class='ocrx_word' id='word_1_12' title='bbox 803 827 862 886; x_wconf 88' lang='lat' dir='ltr'><strong>est.</strong></span> <span class='ocrx_word' id='word_1_13' title='bbox 921 818 999 886; x_wconf 82' lang='lat' dir='ltr'><strong>Gom</strong></span> <span class='ocrx_word' id='word_1_14' title='bbox 1032 820 1217 906; x_wconf 88' lang='lat' dir='ltr'><strong>plerumque</strong></span> <span class='ocrx_word' id='word_1_15' title='bbox 1246 841 1286 888; x_wconf 87' lang='lat' dir='ltr'><strong>ex</strong></span> 
     </span>
     <span class='ocr_line' id='line_1_4' title="bbox 171 922 1284 1014; baseline 0.005 -24"><span class='ocrx_word' id='word_1_16' title='bbox 171 926 289 992; x_wconf 84' lang='lat' dir='ltr'><strong>verbis</strong></span> <span class='ocrx_word' id='word_1_17' title='bbox 312 922 402 1012; x_wconf 81' lang='grc' dir='ltr'><strong><em>παρά</em></strong></span> <span class='ocrx_word' id='word_1_18' title='bbox 424 928 573 1012; x_wconf 79' lang='lat' dir='ltr'><strong>pendeat,</strong></span> <span class='ocrx_word' id='word_1_19' title='bbox 598 927 700 1012; x_wconf 87' lang='lat' dir='ltr'><strong>primo</strong></span> <span class='ocrx_word' id='word_1_20' title='bbox 724 928 795 992; x_wconf 88' lang='lat' dir='ltr'><strong>loeo</strong></span> <span class='ocrx_word' id='word_1_21' title='bbox 819 928 920 993; x_wconf 82' lang='lat' dir='ltr'><strong>dicam</strong></span> <span class='ocrx_word' id='word_1_22' title='bbox 940 929 981 996; x_wconf 86' lang='lat' dir='ltr'><strong>de</strong></span> <span class='ocrx_word' id='word_1_23' title='bbox 1001 923 1089 1014; x_wconf 86' lang='grc' dir='ltr'><strong><em>παρά</em></strong></span> <span class='ocrx_word' id='word_1_24' title='bbox 1105 950 1176 997; x_wconf 88' lang='lat' dir='ltr'><strong>oum</strong></span> <span class='ocrx_word' id='word_1_25' title='bbox 1190 949 1284 1014; x_wconf 82' lang='lat' dir='ltr'><strong>gene-</strong></span> 
     </span>
     <span class='ocr_line' id='line_1_5' title="bbox 173 1033 1287 1120; baseline 0.004 -22"><span class='ocrx_word' id='word_1_26' title='bbox 173 1033 247 1098; x_wconf 86' lang='lat' dir='ltr'><strong>tivo</strong></span> <span class='ocrx_word' id='word_1_27' title='bbox 271 1053 349 1098; x_wconf 85' lang='lat' dir='ltr'><strong>oasu</strong></span> <span class='ocrx_word' id='word_1_28' title='bbox 374 1055 392 1099; x_wconf 89' lang='lat' dir='ltr'><strong>e</strong></span> <span class='ocrx_word' id='word_1_29' title='bbox 415 1035 521 1100; x_wconf 84' lang='lat' dir='ltr'><strong>verbis</strong></span> <span class='ocrx_word' id='word_1_30' title='bbox 546 1055 711 1119; x_wconf 87' lang='lat' dir='ltr'><strong>suspenso.</strong></span> <span class='ocrx_word' id='word_1_31' title='bbox 759 1034 802 1100; x_wconf 78' lang='lat' dir='ltr'><strong>nt</strong></span> <span class='ocrx_word' id='word_1_32' title='bbox 822 1035 955 1120; x_wconf 89' lang='lat' dir='ltr'><strong>primum</strong></span> <span class='ocrx_word' id='word_1_33' title='bbox 973 1036 1100 1118; x_wconf 90' lang='lat' dir='ltr'><strong>quidem</strong></span> <span class='ocrx_word' id='word_1_34' title='bbox 1116 1044 1287 1102; x_wconf 78' lang='lat' dir='ltr'><strong>occurrunt</strong></span> 
     </span>
     <span class='ocr_line' id='line_1_6' title="bbox 172 1141 1286 1228; baseline 0.003 -22"><span class='ocrx_word' id='word_1_35' title='bbox 172 1142 276 1206; x_wconf 87' lang='lat' dir='ltr'><strong>verba</strong></span> <span class='ocrx_word' id='word_1_36' title='bbox 300 1141 459 1208; x_wconf 82' lang='lat' dir='ltr'><strong>veniendi.</strong></span> <span class='ocrx_word' id='word_1_37' title='bbox 507 1141 643 1206; x_wconf 83' lang='lat' dir='ltr'><strong>Praeter</strong></span> <span class='ocrx_word' id='word_1_38' title='bbox 670 1142 749 1206; x_wconf 90' lang='lat' dir='ltr'><strong>illud</strong></span> <span class='ocrx_word' id='word_1_39' title='bbox 778 1163 876 1228; x_wconf 86' lang='lat' dir='ltr'><strong>supra</strong></span> <span class='ocrx_word' id='word_1_40' title='bbox 905 1150 1181 1210; x_wconf 78' lang='lat' dir='ltr'><strong>commemoratum</strong></span> <span class='ocrx_word' id='word_1_41' title='bbox 1204 1145 1286 1212; x_wconf 89' lang='lat' dir='ltr'><strong>haeo</strong></span> 
     </span>
     <span class='ocr_line' id='line_1_7' title="bbox 169 1244 1283 1336; baseline 0.004 -24"><span class='ocrx_word' id='word_1_42' title='bbox 169 1247 325 1332; x_wconf 84' lang='lat' dir='ltr'><strong>exempla</strong></span> <span class='ocrx_word' id='word_1_43' title='bbox 349 1249 422 1314; x_wconf 90' lang='lat' dir='ltr'><strong>mihi</strong></span> <span class='ocrx_word' id='word_1_44' title='bbox 445 1257 577 1332; x_wconf 82' lang='lat' dir='ltr'><strong>praesto</strong></span> <span class='ocrx_word' id='word_1_45' title='bbox 595 1257 681 1313; x_wconf 88' lang='lat' dir='ltr'><strong>sunt:</strong></span> <span class='ocrx_word' id='word_1_46' title='bbox 707 1244 796 1335; x_wconf 80' lang='grc' dir='ltr'><strong><em>ἥκειν</em></strong></span> <span class='ocrx_word' id='word_1_47' title='bbox 812 1245 900 1335; x_wconf 75' lang='grc' dir='ltr'><strong><em>παρὰ</em></strong></span> <span class='ocrx_word' id='word_1_48' title='bbox 916 1249 972 1316; x_wconf 83' lang='grc' dir='ltr'><strong>τοῦ</strong></span> <span class='ocrx_word' id='word_1_49' title='bbox 986 1244 1063 1324; x_wconf 85' lang='grc' dir='ltr'><strong><em>Διός</em></strong></span> <span class='ocrx_word' id='word_1_50' title='bbox 1083 1250 1168 1316; x_wconf 85' lang='lat' dir='ltr'><strong>Nub.</strong></span> <span class='ocrx_word' id='word_1_51' title='bbox 1187 1252 1283 1336; x_wconf 75' lang='lat'>15333</span> 
     </span>
     <span class='ocr_line' id='line_1_8' title="bbox 169 1338 1283 1443; baseline 0.007 -25"><span class='ocrx_word' id='word_1_52' title='bbox 169 1354 214 1418; x_wconf 84' lang='lat' dir='ltr'><strong>of.</strong></span> <span class='ocrx_word' id='word_1_53' title='bbox 254 1354 343 1420; x_wconf 78' lang='grc' dir='ltr'><strong>ΕοοΙ.</strong></span> <span class='ocrx_word' id='word_1_54' title='bbox 368 1354 443 1420; x_wconf 86' lang='grc'><strong>522.</strong></span> <span class='ocrx_word' id='word_1_55' title='bbox 480 1355 527 1420; x_wconf 91' lang='grc' dir='ltr'><strong>ΡΙ.</strong></span> <span class='ocrx_word' id='word_1_56' title='bbox 552 1356 627 1420; x_wconf 87' lang='grc'><strong>521.</strong></span> <span class='ocrx_word' id='word_1_57' title='bbox 666 1356 759 1422; x_wconf 89' lang='lat' dir='ltr'><strong>Hom.</strong></span> <span class='ocrx_word' id='word_1_58' title='bbox 783 1363 815 1422; x_wconf 89' lang='lat' dir='ltr'><em>B</em></span> <span class='ocrx_word' id='word_1_59' title='bbox 838 1355 900 1422; x_wconf 87' lang='grc'><strong>787</strong></span> <span class='ocrx_word' id='word_1_60' title='bbox 935 1338 1021 1443; x_wconf 78' lang='grc' dir='ltr'><strong><em>ἦλθε</em></strong></span> <span class='ocrx_word' id='word_1_61' title='bbox 1044 1353 1108 1443; x_wconf 79' lang='grc' dir='ltr'><strong>πάρ</strong></span> <span class='ocrx_word' id='word_1_62' title='bbox 1131 1353 1216 1434; x_wconf 85' lang='grc' dir='ltr'><strong><em>Διός.</em></strong></span> <span class='ocrx_word' id='word_1_63' title='bbox 1246 1365 1283 1441; x_wconf 85' lang='grc'><strong>0,</strong></span> 
     </span>
     <span class='ocr_line' id='line_1_9' title="bbox 177 1459 1285 1548; baseline 0.007 -24"><span class='ocrx_word' id='word_1_64' title='bbox 177 1461 257 1526; x_wconf 93' lang='grc'><strong>131.</strong></span> <span class='ocrx_word' id='word_1_65' title='bbox 294 1468 336 1542; x_wconf 85' lang='grc' dir='ltr'><strong>Φ,</strong></span> <span class='ocrx_word' id='word_1_66' title='bbox 372 1461 448 1526; x_wconf 88' lang='grc'><strong>444.</strong></span> <span class='ocrx_word' id='word_1_67' title='bbox 506 1467 664 1530; x_wconf 76' lang='grc' dir='ltr'><strong><em>πέτεσθαι</em></strong></span> <span class='ocrx_word' id='word_1_68' title='bbox 699 1464 759 1528; x_wconf 87' lang='lat' dir='ltr'><strong>Av.</strong></span> <span class='ocrx_word' id='word_1_69' title='bbox 798 1463 893 1548; x_wconf 88' lang='grc'><strong>1202,</strong></span> <span class='ocrx_word' id='word_1_70' title='bbox 933 1463 1028 1528; x_wconf 89' lang='grc'><strong>1230.</strong></span> <span class='ocrx_word' id='word_1_71' title='bbox 1065 1459 1285 1532; x_wconf 75' lang='grc' dir='ltr'><strong><em>ἄναπέτεσθαι</em></strong></span> 
     </span>
     <span class='ocr_line' id='line_1_10' title="bbox 175 1567 1284 1663; baseline 0.007 -31"><span class='ocrx_word' id='word_1_72' title='bbox 175 1570 237 1632; x_wconf 79' lang='lat' dir='ltr'><strong>Av.</strong></span> <span class='ocrx_word' id='word_1_73' title='bbox 265 1568 338 1634; x_wconf 91' lang='grc'><strong>795.</strong></span> <span class='ocrx_word' id='word_1_74' title='bbox 369 1571 573 1636; x_wconf 83' lang='grc' dir='ltr'><strong><em>εἰσπέτεσθαι</em></strong></span> <span class='ocrx_word' id='word_1_75' title='bbox 602 1572 643 1635; x_wconf 90' lang='lat' dir='ltr'><strong>ib.</strong></span> <span class='ocrx_word' id='word_1_76' title='bbox 671 1571 766 1636; x_wconf 89' lang='grc'><strong>1172.</strong></span> <span class='ocrx_word' id='word_1_77' title='bbox 801 1569 947 1650; x_wconf 70' lang='grc' dir='ltr'><strong><em>ἐξελθεῖν</em></strong></span> <span class='ocrx_word' id='word_1_78' title='bbox 975 1572 1064 1638; x_wconf 82' lang='grc' dir='ltr'><strong>ΕοοΙ.</strong></span> <span class='ocrx_word' id='word_1_79' title='bbox 1087 1569 1131 1636; x_wconf 90' lang='grc'><strong>48</strong></span> <span class='ocrx_word' id='word_1_80' title='bbox 1155 1567 1284 1663; x_wconf 79' lang='grc' dir='ltr'><strong><em>ἀνεστη-</em></strong></span> 
     </span>
     <span class='ocr_line' id='line_1_11' title="bbox 173 1672 1284 1766; baseline 0.004 -24"><span class='ocrx_word' id='word_1_81' title='bbox 173 1684 249 1742; x_wconf 89' lang='grc' dir='ltr'><strong><em>κοῖα</em></strong></span> <span class='ocrx_word' id='word_1_82' title='bbox 272 1672 362 1762; x_wconf 78' lang='grc' dir='ltr'><strong><em>παραὶ</em></strong></span> <span class='ocrx_word' id='word_1_83' title='bbox 385 1675 447 1742; x_wconf 82' lang='grc' dir='ltr'><strong><em>ταῖν</em></strong></span> <span class='ocrx_word' id='word_1_84' title='bbox 470 1673 629 1744; x_wconf 80' lang='grc' dir='ltr'><strong><em>πλειόνων</em></strong></span> <span class='ocrx_word' id='word_1_85' title='bbox 651 1679 693 1742; x_wconf 90' lang='lat' dir='ltr'><strong>ib.</strong></span> <span class='ocrx_word' id='word_1_86' title='bbox 715 1677 807 1742; x_wconf 91' lang='grc'><strong>1073.</strong></span> <span class='ocrx_word' id='word_1_87' title='bbox 856 1677 956 1744; x_wconf 87' lang='lat' dir='ltr'><strong>Multo</strong></span> <span class='ocrx_word' id='word_1_88' title='bbox 980 1679 1075 1744; x_wconf 84' lang='lat' dir='ltr'><strong>aliter</strong></span> <span class='ocrx_word' id='word_1_89' title='bbox 1097 1688 1284 1766; x_wconf 87' lang='lat' dir='ltr'><strong>usurpatum</strong></span> 
     </span>
     <span class='ocr_line' id='line_1_12' title="bbox 136 1771 1285 1870; baseline 0.006 -23"><span class='ocrx_word' id='word_1_90' title='bbox 136 1771 139 1778; x_wconf 41' lang='lat'><strong>⁴</strong></span> <span class='ocrx_word' id='word_1_91' title='bbox 175 1791 228 1848; x_wconf 89' lang='lat' dir='ltr'><strong>est</strong></span> <span class='ocrx_word' id='word_1_92' title='bbox 263 1779 486 1870; x_wconf 73' lang='lat' dir='ltr'><strong>parazoe&#39;xato3</strong></span> <span class='ocrx_word' id='word_1_93' title='bbox 520 1806 593 1850; x_wconf 89' lang='lat' dir='ltr'><strong>nam</strong></span> <span class='ocrx_word' id='word_1_94' title='bbox 628 1806 698 1852; x_wconf 91' lang='lat' dir='ltr'><strong>eum</strong></span> <span class='ocrx_word' id='word_1_95' title='bbox 733 1792 830 1870; x_wconf 79' lang='lat' dir='ltr'><strong>poete</strong></span> <span class='ocrx_word' id='word_1_96' title='bbox 863 1784 939 1850; x_wconf 82' lang='lat' dir='ltr'><strong>Pae.</strong></span> <span class='ocrx_word' id='word_1_97' title='bbox 964 1785 1029 1850; x_wconf 88' lang='grc'><strong>261</strong></span> <span class='ocrx_word' id='word_1_98' title='bbox 1065 1787 1143 1854; x_wconf 85' lang='lat' dir='ltr'><strong>dioit</strong></span> <span class='ocrx_word' id='word_1_99' title='bbox 1166 1783 1285 1854; x_wconf 80' lang='grc' dir='ltr'><strong><em>οὔκουν</em></strong></span> 
     </span>
     <span class='ocr_line' id='line_1_13' title="bbox 176 1885 1284 1980; baseline 0.004 -24"><span class='ocrx_word' id='word_1_100' title='bbox 176 1889 251 1978; x_wconf 88' lang='grc' dir='ltr'><strong><em>παρ’</em></strong></span> <span class='ocrx_word' id='word_1_101' title='bbox 267 1885 446 1980; x_wconf 76' lang='grc' dir='ltr'><strong><em>Ἀθηναίων</em></strong></span> <span class='ocrx_word' id='word_1_102' title='bbox 469 1887 507 1958; x_wconf 86' lang='grc' dir='ltr'><strong>σδ</strong></span> <span class='ocrx_word' id='word_1_103' title='bbox 529 1897 720 1980; x_wconf 75' lang='grc' dir='ltr'><strong><em>μεταθρέξει</em></strong></span> <span class='ocrx_word' id='word_1_104' title='bbox 742 1888 837 1977; x_wconf 82' lang='grc' dir='ltr'><strong><em>ταχ6;</em></strong></span> <span class='ocrx_word' id='word_1_105' title='bbox 861 1893 922 1958; x_wconf 90' lang='lat' dir='ltr'><strong>hoo</strong></span> <span class='ocrx_word' id='word_1_106' title='bbox 945 1912 1009 1956; x_wconf 89' lang='lat' dir='ltr'><strong>non</strong></span> <span class='ocrx_word' id='word_1_107' title='bbox 1031 1893 1118 1958; x_wconf 84' lang='lat' dir='ltr'><strong>valet</strong></span> <span class='ocrx_word' id='word_1_108' title='bbox 1133 1915 1284 1978; x_wconf 66' lang='lat' dir='ltr'><strong>,errrore</strong></span> 
     </span>
     <span class='ocr_line' id='line_1_14' title="bbox 181 1997 1284 2084; baseline 0.007 -24"><span class='ocrx_word' id='word_1_109' title='bbox 181 1997 219 2061; x_wconf 88' lang='lat' dir='ltr'><strong>ab</strong></span> <span class='ocrx_word' id='word_1_110' title='bbox 246 1997 535 2080; x_wconf 77' lang='lat' dir='ltr'><strong>Atheniensibos‘¹&#39;,</strong></span> <span class='ocrx_word' id='word_1_111' title='bbox 572 2002 644 2066; x_wconf 87' lang='lat' dir='ltr'><strong>sed:</strong></span> <span class='ocrx_word' id='word_1_112' title='bbox 682 2021 808 2082; x_wconf 85' lang='lat' dir='ltr'><strong>„nonne</strong></span> <span class='ocrx_word' id='word_1_113' title='bbox 842 2001 992 2066; x_wconf 87' lang='lat' dir='ltr'><strong>eeleriter</strong></span> <span class='ocrx_word' id='word_1_114' title='bbox 1020 2019 1145 2084; x_wconf 79' lang='lat' dir='ltr'><strong>omres,</strong></span> <span class='ocrx_word' id='word_1_115' title='bbox 1180 2009 1215 2068; x_wconf 87' lang='lat' dir='ltr'><strong>ut</strong></span> <span class='ocrx_word' id='word_1_116' title='bbox 1242 2003 1284 2068; x_wconf 91' lang='lat' dir='ltr'><strong>ab</strong></span> 
     </span>
     <span class='ocr_line' id='line_1_15' title="bbox 183 2103 1282 2192; baseline 0.002 -22"><span class='ocrx_word' id='word_1_117' title='bbox 183 2105 253 2170; x_wconf 71' lang='lat' dir='ltr'><strong>Aah.</strong></span> <span class='ocrx_word' id='word_1_118' title='bbox 278 2106 395 2170; x_wconf 85' lang='lat' dir='ltr'><strong>afferas</strong></span> <span class='ocrx_word' id='word_1_119' title='bbox 416 2153 425 2172; x_wconf 87' lang='lat'>.</span> <span class='ocrx_word' id='word_1_120' title='bbox 443 2153 450 2168; x_wconf 94' lang='lat'><strong>.</strong></span> <span class='ocrx_word' id='word_1_121' title='bbox 468 2103 503 2171; x_wconf 81' lang='lat'><strong>?“</strong></span> <span class='ocrx_word' id='word_1_122' title='bbox 550 2106 639 2184; x_wconf 84' lang='lat' dir='ltr'><strong>Quae</strong></span> <span class='ocrx_word' id='word_1_123' title='bbox 668 2129 729 2178; x_wconf 85' lang='lat' dir='ltr'><strong>vox</strong></span> <span class='ocrx_word' id='word_1_124' title='bbox 758 2127 860 2192; x_wconf 85' lang='lat' dir='ltr'><strong>aeque</strong></span> <span class='ocrx_word' id='word_1_125' title='bbox 884 2109 1080 2176; x_wconf 86' lang='lat' dir='ltr'><strong>eonstruitur</strong></span> <span class='ocrx_word' id='word_1_126' title='bbox 1104 2129 1144 2173; x_wconf 85' lang='lat' dir='ltr'><strong>ao</strong></span> <span class='ocrx_word' id='word_1_127' title='bbox 1166 2109 1282 2174; x_wconf 91' lang='lat' dir='ltr'><strong>transi·</strong></span> 
     </span>
    </p>
   </div>
   <div class='ocr_carea' id='block_1_3' title="bbox 63 2213 1283 2299">
    <p class='ocr_par' dir='ltr' id='par_1_3' title="bbox 63 2213 1283 2299">
     <span class='ocr_line' id='line_1_16' title="bbox 63 2213 1283 2299; baseline 0.007 -25"><span class='ocrx_word' id='word_1_128' title='bbox 63 2239 66 2248; x_wconf 90' lang='lat'><em>·</em></span> <span class='ocrx_word' id='word_1_129' title='bbox 181 2213 274 2294; x_wconf 75' lang='lat' dir='ltr'><strong>tivum</strong></span> <span class='ocrx_word' id='word_1_130' title='bbox 321 2233 385 2278; x_wconf 93' lang='lat' dir='ltr'><strong>non</strong></span> <span class='ocrx_word' id='word_1_131' title='bbox 430 2234 537 2279; x_wconf 86' lang='lat' dir='ltr'><strong>rernm</strong></span> <span class='ocrx_word' id='word_1_132' title='bbox 584 2216 715 2281; x_wconf 72' lang='lat' dir='ltr'><strong>verbnm</strong></span> <span class='ocrx_word' id='word_1_133' title='bbox 757 2219 994 2299; x_wconf 80' lang='grc' dir='ltr'><strong><em>μεταπέμπειν,</em></strong></span> <span class='ocrx_word' id='word_1_134' title='bbox 1042 2214 1128 2298; x_wconf 87' lang='lat' dir='ltr'><strong>quod</strong></span> <span class='ocrx_word' id='word_1_135' title='bbox 1173 2223 1283 2282; x_wconf 81' lang='lat' dir='ltr'><strong>exstat</strong></span> 
     </span>
    </p>
   </div>
   <div class='ocr_carea' id='block_1_4' title="bbox 182 2317 380 2405">
    <p class='ocr_par' dir='ltr' id='par_1_4' title="bbox 182 2317 380 2405">
     <span class='ocr_line' id='line_1_17' title="bbox 182 2317 380 2405; baseline 0.01 -23"><span class='ocrx_word' id='word_1_136' title='bbox 182 2317 280 2405; x_wconf 85' lang='lat' dir='ltr'><strong>Vesp.</strong></span> <span class='ocrx_word' id='word_1_137' title='bbox 305 2318 380 2384; x_wconf 88' lang='lat'><strong>680.</strong></span> 
     </span>
    </p>
   </div>
   <div class='ocr_carea' id='block_1_5' title="bbox 194 2424 1283 2622">
    <p class='ocr_par' dir='ltr' id='par_1_5' title="bbox 194 2424 1283 2622">
     <span class='ocr_line' id='line_1_18' title="bbox 269 2424 1283 2515; baseline 0.004 -23"><span class='ocrx_word' id='word_1_138' title='bbox 269 2427 335 2492; x_wconf 88' lang='lat' dir='ltr'><strong>Iam</strong></span> <span class='ocrx_word' id='word_1_139' title='bbox 369 2435 543 2510; x_wconf 82' lang='lat' dir='ltr'><strong>sequuntur</strong></span> <span class='ocrx_word' id='word_1_140' title='bbox 576 2428 653 2511; x_wconf 90' lang='lat' dir='ltr'><strong>looi,</strong></span> <span class='ocrx_word' id='word_1_141' title='bbox 692 2430 745 2513; x_wconf 91' lang='lat' dir='ltr'><strong>qui</strong></span> <span class='ocrx_word' id='word_1_142' title='bbox 780 2429 1051 2515; x_wconf 78' lang='lat' dir='ltr'><strong>praepositionem</strong></span> <span class='ocrx_word' id='word_1_143' title='bbox 1087 2424 1176 2514; x_wconf 83' lang='grc' dir='ltr'><strong><em>παρά</em></strong></span> <span class='ocrx_word' id='word_1_144' title='bbox 1213 2450 1283 2496; x_wconf 89' lang='lat' dir='ltr'><strong>oum</strong></span> 
     </span>
     <span class='ocr_line' id='line_1_19' title="bbox 194 2535 1283 2622; baseline 0.006 -25"><span class='ocrx_word' id='word_1_145' title='bbox 194 2535 292 2598; x_wconf 84' lang='lat' dir='ltr'><strong>vorbis</strong></span> <span class='ocrx_word' id='word_1_146' title='bbox 318 2536 460 2602; x_wconf 90' lang='lat' dir='ltr'><strong>sumendi</strong></span> <span class='ocrx_word' id='word_1_147' title='bbox 483 2535 631 2617; x_wconf 79' lang='lat' dir='ltr'><strong>coniungi</strong></span> <span class='ocrx_word' id='word_1_148' title='bbox 656 2537 787 2617; x_wconf 80' lang='lat' dir='ltr'><strong>docent,</strong></span> <span class='ocrx_word' id='word_1_149' title='bbox 817 2557 949 2622; x_wconf 90' lang='lat' dir='ltr'><strong>quorum</strong></span> <span class='ocrx_word' id='word_1_150' title='bbox 977 2538 1060 2602; x_wconf 87' lang='lat' dir='ltr'><strong>siout</strong></span> <span class='ocrx_word' id='word_1_151' title='bbox 1086 2537 1172 2620; x_wconf 89' lang='lat' dir='ltr'><strong>apud</strong></span> <span class='ocrx_word' id='word_1_152' title='bbox 1201 2537 1283 2603; x_wconf 87' lang='lat' dir='ltr'><strong>alios</strong></span> 
     </span>
    </p>
   </div>
   <div class='ocr_carea' id='block_1_6' title="bbox 190 2643 1421 2729">
    <p class='ocr_par' dir='ltr' id='par_1_6' title="bbox 190 2643 1421 2729">
     <span class='ocr_line' id='line_1_20' title="bbox 190 2643 1421 2729; baseline 0.006 -24"><span class='ocrx_word' id='word_1_153' title='bbox 190 2643 352 2726; x_wconf 80' lang='lat' dir='ltr'><strong>scriptores</strong></span> <span class='ocrx_word' id='word_1_154' title='bbox 386 2643 434 2706; x_wconf 86' lang='lat' dir='ltr'><strong>ita</strong></span> <span class='ocrx_word' id='word_1_155' title='bbox 468 2644 555 2726; x_wconf 86' lang='lat' dir='ltr'><strong>apud</strong></span> <span class='ocrx_word' id='word_1_156' title='bbox 590 2644 839 2729; x_wconf 83' lang='lat' dir='ltr'><strong>Aristophanem</strong></span> <span class='ocrx_word' id='word_1_157' title='bbox 878 2645 1012 2710; x_wconf 87' lang='lat' dir='ltr'><strong>maxime</strong></span> <span class='ocrx_word' id='word_1_158' title='bbox 1046 2644 1283 2728; x_wconf 87' lang='lat' dir='ltr'><strong>frequentatum</strong></span> <span class='ocrx_word' id='word_1_159' title='bbox 1413 2700 1421 2712; x_wconf 89' lang='lat'><em>.</em></span> 
     </span>
    </p>
   </div>
   <div class='ocr_carea' id='block_1_7' title="bbox 170 2744 1333 4126">
    <p class='ocr_par' dir='ltr' id='par_1_7' title="bbox 170 2744 1333 4126">
     <span class='ocr_line' id='line_1_21' title="bbox 184 2744 1282 2837; baseline 0.004 -23"><span class='ocrx_word' id='word_1_160' title='bbox 184 2755 232 2814; x_wconf 79' lang='lat' dir='ltr'><strong>esi</strong></span> <span class='ocrx_word' id='word_1_161' title='bbox 266 2744 449 2835; x_wconf 78' lang='grc' dir='ltr'><strong><em>λαμβάνειν.</em></strong></span> <span class='ocrx_word' id='word_1_162' title='bbox 498 2749 590 2828; x_wconf 84' lang='lat' dir='ltr'><strong>Quod</strong></span> <span class='ocrx_word' id='word_1_163' title='bbox 618 2751 754 2835; x_wconf 85' lang='lat' dir='ltr'><strong>legimus</strong></span> <span class='ocrx_word' id='word_1_164' title='bbox 779 2753 857 2817; x_wconf 90' lang='lat' dir='ltr'><strong>th.</strong></span> <span class='ocrx_word' id='word_1_165' title='bbox 883 2751 958 2818; x_wconf 86' lang='grc'><strong>388.</strong></span> <span class='ocrx_word' id='word_1_166' title='bbox 998 2753 1058 2837; x_wconf 70' lang='lat' dir='ltr'><strong>loq.</strong></span> <span class='ocrx_word' id='word_1_167' title='bbox 1083 2751 1158 2834; x_wconf 92' lang='grc'><strong>959,</strong></span> <span class='ocrx_word' id='word_1_168' title='bbox 1187 2751 1282 2818; x_wconf 88' lang='grc'><strong>1190.</strong></span> 
     </span>
     <span class='ocr_line' id='line_1_22' title="bbox 177 2855 1282 2945; baseline 0.004 -25"><span class='ocrx_word' id='word_1_169' title='bbox 177 2855 252 2941; x_wconf 82' lang='lat' dir='ltr'><strong>Lys.</strong></span> <span class='ocrx_word' id='word_1_170' title='bbox 289 2855 366 2940; x_wconf 88' lang='grc'><strong>582,</strong></span> <span class='ocrx_word' id='word_1_171' title='bbox 399 2857 494 2924; x_wconf 89' lang='grc'><strong>1206.</strong></span> <span class='ocrx_word' id='word_1_172' title='bbox 531 2859 613 2924; x_wconf 87' lang='lat' dir='ltr'><strong>Rau.</strong></span> <span class='ocrx_word' id='word_1_173' title='bbox 643 2857 718 2925; x_wconf 83' lang='grc'><strong>251.</strong></span> <span class='ocrx_word' id='word_1_174' title='bbox 754 2860 803 2926; x_wconf 91' lang='grc' dir='ltr'><strong>ΡΙ.</strong></span> <span class='ocrx_word' id='word_1_175' title='bbox 831 2859 903 2940; x_wconf 86' lang='grc'><strong>164,</strong></span> <span class='ocrx_word' id='word_1_176' title='bbox 934 2860 1008 2924; x_wconf 87' lang='grc'><strong>829.</strong></span> <span class='ocrx_word' id='word_1_177' title='bbox 1066 2858 1282 2945; x_wconf 87' lang='lat' dir='ltr'><strong>Supplendnm</strong></span> 
     </span>
     <span class='ocr_line' id='line_1_23' title="bbox 176 2961 1281 3054; baseline 0.004 -26"><span class='ocrx_word' id='word_1_178' title='bbox 176 2972 227 3030; x_wconf 86' lang='lat' dir='ltr'><strong>est</strong></span> <span class='ocrx_word' id='word_1_179' title='bbox 250 2964 352 3050; x_wconf 88' lang='lat' dir='ltr'><strong>Vesp.</strong></span> <span class='ocrx_word' id='word_1_180' title='bbox 379 2963 456 3046; x_wconf 89' lang='grc'><strong>785,</strong></span> <span class='ocrx_word' id='word_1_181' title='bbox 487 2971 520 3030; x_wconf 89' lang='lat' dir='ltr'><strong>et</strong></span> <span class='ocrx_word' id='word_1_182' title='bbox 548 2967 679 3032; x_wconf 86' lang='lat' dir='ltr'><strong>verbum</strong></span> <span class='ocrx_word' id='word_1_183' title='bbox 708 2968 917 3053; x_wconf 79' lang='lat' dir='ltr'><strong>compositum</strong></span> <span class='ocrx_word' id='word_1_184' title='bbox 940 2961 1206 3054; x_wconf 79' lang='grc' dir='ltr'><strong><em>παραλαμβάνειν</em></strong></span> <span class='ocrx_word' id='word_1_185' title='bbox 1229 2985 1281 3032; x_wconf 85' lang='lat' dir='ltr'><strong>ex·</strong></span> 
     </span>
     <span class='ocr_line' id='line_1_24' title="bbox 174 3072 1279 3159; baseline 0.002 -23"><span class='ocrx_word' id='word_1_186' title='bbox 174 3079 242 3137; x_wconf 83' lang='lat' dir='ltr'><strong>stat</strong></span> <span class='ocrx_word' id='word_1_187' title='bbox 274 3073 335 3136; x_wconf 87' lang='lat' dir='ltr'><strong>Av.</strong></span> <span class='ocrx_word' id='word_1_188' title='bbox 362 3072 457 3138; x_wconf 89' lang='grc'><strong>1543.</strong></span> <span class='ocrx_word' id='word_1_189' title='bbox 493 3073 575 3140; x_wconf 87' lang='lat' dir='ltr'><strong>Ran.</strong></span> <span class='ocrx_word' id='word_1_190' title='bbox 600 3073 674 3138; x_wconf 88' lang='lat'><strong>939.</strong></span> <span class='ocrx_word' id='word_1_191' title='bbox 733 3074 857 3140; x_wconf 89' lang='lat' dir='ltr'><strong>Deinde</strong></span> <span class='ocrx_word' id='word_1_192' title='bbox 887 3075 938 3140; x_wconf 90' lang='lat' dir='ltr'><strong>hio</strong></span> <span class='ocrx_word' id='word_1_193' title='bbox 965 3094 1123 3159; x_wconf 86' lang='lat' dir='ltr'><strong>apponam</strong></span> <span class='ocrx_word' id='word_1_194' title='bbox 1146 3075 1279 3140; x_wconf 87' lang='lat' dir='ltr'><strong>verbum</strong></span> 
     </span>
     <span class='ocr_line' id='line_1_25' title="bbox 172 3180 1280 3268; baseline 0.001 -21"><span class='ocrx_word' id='word_1_195' title='bbox 172 3180 355 3266; x_wconf 85' lang='lat' dir='ltr'><strong>aeoipiendi</strong></span> <span class='ocrx_word' id='word_1_196' title='bbox 379 3182 536 3262; x_wconf 71' lang='grc' dir='ltr'><strong><em>δέχεσθαι</em></strong></span> <span class='ocrx_word' id='word_1_197' title='bbox 560 3182 633 3265; x_wconf 87' lang='lat' dir='ltr'><strong>Lys.</strong></span> <span class='ocrx_word' id='word_1_198' title='bbox 660 3181 724 3244; x_wconf 88' lang='lat'><strong>603</strong></span> <span class='ocrx_word' id='word_1_199' title='bbox 749 3187 782 3248; x_wconf 88' lang='lat' dir='ltr'><strong>et</strong></span> <span class='ocrx_word' id='word_1_200' title='bbox 805 3183 1012 3266; x_wconf 81' lang='lat' dir='ltr'><strong>compositum</strong></span> <span class='ocrx_word' id='word_1_201' title='bbox 1030 3184 1280 3268; x_wconf 78' lang='grc' dir='ltr'><strong><em>παραδέχεσθαι</em></strong></span> 
     </span>
     <span class='ocr_line' id='line_1_26' title="bbox 170 3287 1281 3373; baseline -0.001 -17"><span class='ocrx_word' id='word_1_202' title='bbox 170 3289 259 3356; x_wconf 85' lang='lat' dir='ltr'><strong>Ran.</strong></span> <span class='ocrx_word' id='word_1_203' title='bbox 285 3287 379 3368; x_wconf 90' lang='grc'><strong>1013,</strong></span> <span class='ocrx_word' id='word_1_204' title='bbox 415 3289 498 3354; x_wconf 94' lang='lat' dir='ltr'><strong>unde</strong></span> <span class='ocrx_word' id='word_1_205' title='bbox 532 3289 700 3354; x_wconf 85' lang='lat' dir='ltr'><strong>formatum</strong></span> <span class='ocrx_word' id='word_1_206' title='bbox 727 3295 778 3354; x_wconf 87' lang='lat' dir='ltr'><strong>est</strong></span> <span class='ocrx_word' id='word_1_207' title='bbox 805 3291 1000 3373; x_wconf 82' lang='grc' dir='ltr'><strong><em>δωροδοκεῖν</em></strong></span> <span class='ocrx_word' id='word_1_208' title='bbox 1028 3289 1087 3372; x_wconf 73' lang='lat' dir='ltr'><strong>loq.</strong></span> <span class='ocrx_word' id='word_1_209' title='bbox 1113 3287 1198 3372; x_wconf 91' lang='grc'><strong>802,</strong></span> <span class='ocrx_word' id='word_1_210' title='bbox 1223 3290 1281 3355; x_wconf 88' lang='lat' dir='ltr'><strong>sed</strong></span> 
     </span>
     <span class='ocr_line' id='line_1_27' title="bbox 171 3389 1282 3484; baseline -0.002 -22"><span class='ocrx_word' id='word_1_211' title='bbox 171 3396 322 3462; x_wconf 78' lang='lat' dir='ltr'><strong>conferas</strong></span> <span class='ocrx_word' id='word_1_212' title='bbox 345 3395 446 3481; x_wconf 88' lang='lat' dir='ltr'><strong>Vesp.</strong></span> <span class='ocrx_word' id='word_1_213' title='bbox 471 3395 536 3461; x_wconf 91' lang='grc'><strong>670</strong></span> <span class='ocrx_word' id='word_1_214' title='bbox 571 3389 645 3463; x_wconf 75' lang='grc' dir='ltr'><strong><em>α’πό</em></strong></span> <span class='ocrx_word' id='word_1_215' title='bbox 679 3417 779 3476; x_wconf 67' lang='grc' dir='ltr'><strong><em>τινος,</em></strong></span> <span class='ocrx_word' id='word_1_216' title='bbox 817 3395 967 3484; x_wconf 78' lang='lat' dir='ltr'><strong>deinceps</strong></span> <span class='ocrx_word' id='word_1_217' title='bbox 995 3397 1122 3462; x_wconf 88' lang='lat' dir='ltr'><strong>emendi</strong></span> <span class='ocrx_word' id='word_1_218' title='bbox 1150 3397 1282 3462; x_wconf 86' lang='lat' dir='ltr'><strong>verbum</strong></span> 
     </span>
     <span class='ocr_line' id='line_1_28' title="bbox 171 3502 1280 3587; baseline -0.002 -15"><span class='ocrx_word' id='word_1_219' title='bbox 171 3505 339 3587; x_wconf 84' lang='grc' dir='ltr'><strong><em>πρίασθαι</em></strong></span> <span class='ocrx_word' id='word_1_220' title='bbox 362 3504 411 3570; x_wconf 91' lang='lat' dir='ltr'><strong>Pl.</strong></span> <span class='ocrx_word' id='word_1_221' title='bbox 436 3502 519 3584; x_wconf 90' lang='grc'><strong>884,</strong></span> <span class='ocrx_word' id='word_1_222' title='bbox 556 3504 607 3570; x_wconf 87' lang='lat' dir='ltr'><strong>oui</strong></span> <span class='ocrx_word' id='word_1_223' title='bbox 636 3509 806 3586; x_wconf 76' lang='lat' dir='ltr'><strong>cognatum</strong></span> <span class='ocrx_word' id='word_1_224' title='bbox 834 3503 1031 3570; x_wconf 85' lang='lat' dir='ltr'><strong>intelleotum</strong></span> <span class='ocrx_word' id='word_1_225' title='bbox 1053 3504 1154 3569; x_wconf 90' lang='lat' dir='ltr'><strong>habet</strong></span> <span class='ocrx_word' id='word_1_226' title='bbox 1177 3505 1280 3570; x_wconf 85' lang='grc' dir='ltr'><strong><em>δανεῖ-</em></strong></span> 
     </span>
     <span class='ocr_line' id='line_1_29' title="bbox 171 3610 1333 3695; baseline -0.004 -17"><span class='ocrx_word' id='word_1_227' title='bbox 171 3616 292 3692; x_wconf 87' lang='grc' dir='ltr'><strong><em>ζεσθαι</em></strong></span> <span class='ocrx_word' id='word_1_228' title='bbox 314 3611 391 3695; x_wconf 84' lang='lat' dir='ltr'><strong>Lys.</strong></span> <span class='ocrx_word' id='word_1_229' title='bbox 418 3610 514 3677; x_wconf 89' lang='grc'><strong>1056.</strong></span> <span class='ocrx_word' id='word_1_230' title='bbox 560 3611 664 3676; x_wconf 82' lang='grc' dir='ltr'><strong><em>Ροετο</em></strong></span> <span class='ocrx_word' id='word_1_231' title='bbox 687 3610 788 3674; x_wconf 85' lang='lat' dir='ltr'><strong>verbe</strong></span> <span class='ocrx_word' id='word_1_232' title='bbox 811 3610 893 3676; x_wconf 85' lang='lat' dir='ltr'><strong>hano</strong></span> <span class='ocrx_word' id='word_1_233' title='bbox 922 3611 1185 3694; x_wconf 78' lang='lat' dir='ltr'><strong>significationem</strong></span> <span class='ocrx_word' id='word_1_234' title='bbox 1209 3628 1281 3675; x_wconf 86' lang='lat' dir='ltr'><strong>oon·</strong></span> <span class='ocrx_word' id='word_1_235' title='bbox 1329 3644 1333 3650; x_wconf 91' lang='lat'><em>·</em></span> 
     </span>
     <span class='ocr_line' id='line_1_30' title="bbox 170 3711 1281 3803; baseline -0.004 -18"><span class='ocrx_word' id='word_1_236' title='bbox 170 3719 311 3788; x_wconf 89' lang='lat' dir='ltr'><strong>tinentia</strong></span> <span class='ocrx_word' id='word_1_237' title='bbox 345 3719 444 3786; x_wconf 85' lang='lat' dir='ltr'><strong>affero</strong></span> <span class='ocrx_word' id='word_1_238' title='bbox 480 3719 627 3786; x_wconf 74' lang='grc' dir='ltr'><strong><em>κλέπτειν</em></strong></span> <span class='ocrx_word' id='word_1_239' title='bbox 649 3717 698 3783; x_wconf 91' lang='grc' dir='ltr'><strong>ΡΙ.</strong></span> <span class='ocrx_word' id='word_1_240' title='bbox 723 3715 804 3798; x_wconf 85' lang='grc'><strong>358,</strong></span> <span class='ocrx_word' id='word_1_241' title='bbox 841 3711 998 3802; x_wconf 77' lang='grc' dir='ltr'><strong><em>αἳρπάζειν</em></strong></span> <span class='ocrx_word' id='word_1_242' title='bbox 1021 3718 1081 3802; x_wconf 80' lang='lat' dir='ltr'><strong>Eq.</strong></span> <span class='ocrx_word' id='word_1_243' title='bbox 1106 3717 1171 3782; x_wconf 89' lang='grc'><strong>802</strong></span> <span class='ocrx_word' id='word_1_244' title='bbox 1196 3713 1281 3803; x_wconf 86' lang='lat' dir='ltr'><strong>(eom</strong></span> 
     </span>
     <span class='ocr_line' id='line_1_31' title="bbox 171 3820 1280 3912; baseline -0.001 -21"><span class='ocrx_word' id='word_1_245' title='bbox 171 3826 275 3892; x_wconf 79' lang='lat' dir='ltr'><strong>verbo</strong></span> <span class='ocrx_word' id='word_1_246' title='bbox 312 3828 508 3911; x_wconf 81' lang='grc' dir='ltr'><strong><em>δωροδοκεῖν</em></strong></span> <span class='ocrx_word' id='word_1_247' title='bbox 543 3820 767 3910; x_wconf 77' lang='lat' dir='ltr'><strong>coniunctum).</strong></span> <span class='ocrx_word' id='word_1_248' title='bbox 814 3824 1010 3912; x_wconf 82' lang='grc' dir='ltr'><strong><em>Προσδοκᾶν</em></strong></span> <span class='ocrx_word' id='word_1_249' title='bbox 1043 3825 1143 3910; x_wconf 89' lang='lat' dir='ltr'><strong>Vesp.</strong></span> <span class='ocrx_word' id='word_1_250' title='bbox 1167 3821 1211 3888; x_wconf 88' lang='grc'><strong>56</strong></span> <span class='ocrx_word' id='word_1_251' title='bbox 1245 3830 1280 3890; x_wconf 84' lang='lat' dir='ltr'><strong>st</strong></span> 
     </span>
     <span class='ocr_line' id='line_1_32' title="bbox 171 3930 1278 4018; baseline -0.005 -16"><span class='ocrx_word' id='word_1_252' title='bbox 171 3930 351 4018; x_wconf 79' lang='grc' dir='ltr'><strong><em>ἐπιθυμεῖν</em></strong></span> <span class='ocrx_word' id='word_1_253' title='bbox 378 3933 462 4000; x_wconf 92' lang='lat' dir='ltr'><strong>Nub.</strong></span> <span class='ocrx_word' id='word_1_254' title='bbox 485 3933 550 3998; x_wconf 88' lang='grc'><strong>412</strong></span> <span class='ocrx_word' id='word_1_255' title='bbox 578 3934 738 4000; x_wconf 88' lang='lat' dir='ltr'><strong>notionem</strong></span> <span class='ocrx_word' id='word_1_256' title='bbox 767 3932 887 3998; x_wconf 85' lang='lat' dir='ltr'><strong>habent</strong></span> <span class='ocrx_word' id='word_1_257' title='bbox 916 3932 1074 4018; x_wconf 78' lang='lat' dir='ltr'><strong>cupiendi.</strong></span> <span class='ocrx_word' id='word_1_258' title='bbox 1120 3930 1211 4008; x_wconf 81' lang='lat' dir='ltr'><strong>Quae</strong></span> <span class='ocrx_word' id='word_1_259' title='bbox 1235 3931 1278 3996; x_wconf 91' lang='lat' dir='ltr'><strong>di·</strong></span> 
     </span>
     <span class='ocr_line' id='line_1_33' title="bbox 174 4036 1278 4126; baseline -0.004 -20"><span class='ocrx_word' id='word_1_260' title='bbox 174 4041 270 4106; x_wconf 88' lang='lat' dir='ltr'><strong>eendi</strong></span> <span class='ocrx_word' id='word_1_261' title='bbox 297 4042 381 4106; x_wconf 90' lang='lat' dir='ltr'><strong>ratio</strong></span> <span class='ocrx_word' id='word_1_262' title='bbox 410 4049 612 4126; x_wconf 82' lang='lat' dir='ltr'><strong>comparetur</strong></span> <span class='ocrx_word' id='word_1_263' title='bbox 640 4061 710 4106; x_wconf 90' lang='lat' dir='ltr'><strong>oum</strong></span> <span class='ocrx_word' id='word_1_264' title='bbox 737 4040 807 4121; x_wconf 87' lang='lat' dir='ltr'><strong>illa,</strong></span> <span class='ocrx_word' id='word_1_265' title='bbox 844 4061 926 4123; x_wconf 88' lang='lat' dir='ltr'><strong>quae</strong></span> <span class='ocrx_word' id='word_1_266' title='bbox 950 4045 1087 4124; x_wconf 88' lang='lat' dir='ltr'><strong>apparet</strong></span> <span class='ocrx_word' id='word_1_267' title='bbox 1109 4038 1191 4102; x_wconf 81' lang='lat' dir='ltr'><strong>Aah.</strong></span> <span class='ocrx_word' id='word_1_268' title='bbox 1216 4036 1278 4102; x_wconf 91' lang='grc'><strong>107</strong></span> 
     </span>
    </p>
   </div>
   <div class='ocr_carea' id='block_1_8' title="bbox 175 4142 1282 4339">
    <p class='ocr_par' dir='ltr' id='par_1_8' title="bbox 175 4142 1282 4339">
     <span class='ocr_line' id='line_1_34' title="bbox 175 4142 1282 4234; baseline -0.005 -20"><span class='ocrx_word' id='word_1_269' title='bbox 175 4147 379 4233; x_wconf 79' lang='grc' dir='ltr'><strong><em>προσδοκῶσι</em></strong></span> <span class='ocrx_word' id='word_1_270' title='bbox 401 4151 534 4234; x_wconf 81' lang='grc' dir='ltr'><strong><em>χρυσίον</em></strong></span> <span class='ocrx_word' id='word_1_271' title='bbox 560 4146 599 4216; x_wconf 78' lang='grc' dir='ltr'><strong>ἐκ</strong></span> <span class='ocrx_word' id='word_1_272' title='bbox 625 4144 688 4215; x_wconf 79' lang='grc' dir='ltr'><strong>τῶν</strong></span> <span class='ocrx_word' id='word_1_273' title='bbox 714 4142 893 4234; x_wconf 81' lang='grc' dir='ltr'><strong><em>βαρβάρων.</em></strong></span> <span class='ocrx_word' id='word_1_274' title='bbox 940 4146 1122 4212; x_wconf 87' lang='lat' dir='ltr'><strong>Proximum</strong></span> <span class='ocrx_word' id='word_1_275' title='bbox 1145 4151 1209 4228; x_wconf 87' lang='lat' dir='ltr'><strong>est,</strong></span> <span class='ocrx_word' id='word_1_276' title='bbox 1244 4151 1282 4210; x_wconf 88' lang='lat' dir='ltr'><strong>nt</strong></span> 
     </span>
     <span class='ocr_line' id='line_1_35' title="bbox 176 4245 1281 4339; baseline 0 -19"><span class='ocrx_word' id='word_1_277' title='bbox 176 4254 335 4322; x_wconf 81' lang='lat' dir='ltr'><strong>disseram</strong></span> <span class='ocrx_word' id='word_1_278' title='bbox 370 4255 411 4322; x_wconf 88' lang='lat' dir='ltr'><strong>de</strong></span> <span class='ocrx_word' id='word_1_279' title='bbox 438 4255 545 4322; x_wconf 86' lang='lat' dir='ltr'><strong>verbis</strong></span> <span class='ocrx_word' id='word_1_280' title='bbox 573 4255 671 4322; x_wconf 84' lang='lat' dir='ltr'><strong>dandi</strong></span> <span class='ocrx_word' id='word_1_281' title='bbox 698 4275 781 4338; x_wconf 82' lang='lat' dir='ltr'><strong>qnae</strong></span> <span class='ocrx_word' id='word_1_282' title='bbox 810 4253 959 4337; x_wconf 83' lang='lat' dir='ltr'><strong>leguntur</strong></span> <span class='ocrx_word' id='word_1_283' title='bbox 981 4252 1042 4337; x_wconf 78' lang='lat' dir='ltr'><strong>Eq.</strong></span> <span class='ocrx_word' id='word_1_284' title='bbox 1066 4250 1131 4339; x_wconf 87' lang='grc'><strong>869</strong></span> <span class='ocrx_word' id='word_1_285' title='bbox 1155 4245 1281 4320; x_wconf 86' lang='grc' dir='ltr'><strong><em>διδόναι</em></strong></span> 
     </span>
    </p>
   </div>
   <div class='ocr_carea' id='block_1_9' title="bbox 0 0 1578 4984">
    <p class='ocr_par' dir='ltr' id='par_1_9' title="bbox 0 0 1578 4984">
     <span class='ocr_line' id='line_1_36' title="bbox 0 0 1578 4984; baseline 0 2"><span class='ocrx_word' id='word_1_286' title='bbox 0 0 1578 4984; x_wconf 95' lang='lat' dir='ltr'><strong> </strong></span> 
     </span>
    </p>
   </div>
  </div>
 </body>
</html>
