3148 4984
651 547 872 616 ..55-

193 749 198 756 '
217 749 317 814 rerba
341 747 537 831 quiescendi.
576 739 712 813 Praeter
731 747 945 814 circumdandi
961 747 1122 814 notionem
1138 763 1314 831 cognosces

211 875 437 939 nonnunquam
453 855 649 921 intellectum
663 853 847 938 vicinitatis,
873 875 935 938 quo
956 854 990 919 id
1007 855 1100 921 modo
1117 854 1311 939 exprimitur,

208 963 294 1050 quod
332 983 436 1048 prope
469 963 574 1029 locum
608 961 654 1026 fit.
700 962 849 1046 Legimus
876 962 952 1027 Pac.
986 961 1071 1026 1006
1099 963 1175 1048 περί
1200 955 1314 1034 ταύτας

209 1064 294 1158 ἡμᾶς
311 1063 454 1153 ἀθρόους
471 1063 680 1155 ὀψωνοῦντας
695 1065 910 1156 τυρβάζεσθαι
926 1089 995 1134 cum
1010 1068 1192 1152 insequenti
1204 1070 1313 1136 dativo

210 1179 294 1244 sicut
316 1175 396 1241 Ach.
414 1175 479 1240 844
502 1172 692 1256 ω’στίζεσθαι
717 1171 800 1260 (οόδ’
823 1171 930 1244 ὀστιεῖ
944 1171 1149 1264 Κλεωνύμῳ),
1174 1183 1314 1261 utroquo

208 1286 281 1352 loco
317 1285 357 1349 de
390 1283 488 1348 turbe
524 1284 701 1350 obsonandi
737 1303 836 1349 cause
862 1285 895 1349 in
923 1285 995 1350 foro
1023 1283 1230 1363 versantium3
1271 1285 1311 1350 oi.

213 1391 296 1456 Aeh.
322 1389 362 1454 28
398 1384 583 1458 ὠστιοῦνται
620 1391 695 1475 περὶ
729 1385 855 1477 πράσου
889 1385 994 1470 ξύλου.
1052 1390 1132 1456 Tum
1158 1391 1240 1456 Ach.
1269 1389 1311 1455 96

215 1491 365 1580 κάμπτειν
386 1498 460 1584 περὶ
484 1493 593 1585 άκραν.
621 1499 664 1562 ib.
690 1497 755 1562 998
778 1492 925 1566 ἐλαύνειν
947 1498 1022 1582 περὶ
1043 1493 1078 1564 τό
1102 1501 1231 1583 χωρίον.
1265 1497 1308 1562 ib.

218 1605 301 1670 1180
323 1605 396 1689 περὶ
418 1607 518 1672 λίθον
540 1607 671 1672 πίπτειν
693 1613 851 1690 tamquam
869 1607 985 1671 circum
999 1605 1149 1690 lapidum,
1173 1611 1209 1670 ut
1231 1605 1313 1690 lapis
1346 1669 1347 1676 ,
1444 1597 1447 1604 ⁴

212 1731 345 1798 corpore
369 1720 510 1798 togatum
549 1712 699 1778 audacius
727 1713 788 1778 hoc
816 1713 933 1778 dictum
964 1719 1022 1793 est,
1060 1712 1145 1797 quod
1180 1732 1220 1778 ex
1243 1719 1313 1779 toto

209 1839 304 1886 versu
327 1823 407 1886 satis
430 1820 631 1905 perspicuum
654 1828 718 1901 est,
748 1842 812 1886 non
836 1827 936 1886 totum
967 1840 1096 1904 eorpus,
1129 1821 1187 1886 scd
1216 1826 1313 1906 caput

210 1927 299 2009 elidi,
329 1930 455 2011 etquis
480 1929 608 2010 estqui
632 1928 732 2010 dicut,
763 1935 860 2012 caput
888 1928 1043 1994 cecidisse
1070 1927 1156 1992 circa
1178 1929 1314 1992 *saxnmi

209 2034 316 2112 Quare
332 2036 378 2100 sic
391 2036 665 2120 interpretandum
678 2036 838 2103 existimo:
860 2043 978 2121 „caput
990 2035 1141 2102 discussit
1155 2035 1189 2098 in
1202 2053 1312 2100 saxum

208 2141 367 2225 cadens“;
393 2144 433 2208 ob
458 2163 527 2208 eam
551 2144 632 2213 euim
656 2163 724 2208 rem
740 2145 940 2230 praepositio
965 2145 1041 2227 περί
1062 2143 1169 2227 posite
1193 2148 1252 2224 est,
1277 2145 1314 2206 ut

207 2255 313 2316 tactus
338 2249 454 2315 clarius
477 2251 644 2316 indicetur.
690 2251 815 2315 Deinde
846 2251 944 2315 affero
973 2253 1130 2327 πέτεσθαι
1158 2247 1232 2335 περὶ
1255 2245 1313 2336 τήν

206 2353 398 2443 κλεψύδραν
425 2357 524 2442 Vesp.
549 2356 592 2420 93
621 2376 659 2421 ac
688 2359 824 2442 pariter,
865 2356 1036 2442 participio
1070 2349 1226 2439 πετόμενα
1260 2355 1313 2421 vel

209 2459 375 2548 πετάμενε
399 2484 439 2529 ex
461 2465 524 2528 loci
548 2483 644 2528 sensu
661 2465 840 2545 subaudito,
865 2465 925 2547 sq.
942 2462 1017 2527 402.
1060 2463 1214 2528 Similiter
1235 2462 1312 2529 Pac.

167 2643 172 2646 ,
211 2571 297 2637 1756
313 2581 428 2658 τροφεῖ
441 2568 568 2655 πνεῦμα
583 2569 657 2654 περὶ
672 2566 725 2636 τόν
741 2566 901 2656 όμφαλον.
935 2571 1008 2655 Lys.
1027 2569 1092 2635 979
1116 2574 1314 2655 περιβαίνειν

208 2679 285 2764 περὶ
316 2676 374 2766 τήν
407 2673 534 2766 ψωλήν.
575 2681 633 2744 Th.
665 2677 728 2743 796
763 2687 961 2765 περινοστεῖν
995 2679 1071 2765 περὶ
1105 2675 1160 2753 τοὶς
1194 2681 1312 2752 κλίνας.

208 2787 311 2872 Vesp.
339 2786 424 2851 1034
452 2785 633 2871 λιχμάσδαι
667 2786 742 2870 περὶ
774 2783 832 2873 τήν
867 2781 1014 2875 κεφαλήν
1043 2785 1097 2871 (of.
1123 2786 1197 2850 Pac.
1224 2783 1312 2867 757).

208 2893 298 2959 E'ccl.
331 2894 415 2958 1110
448 2896 663 2981 μολυβδοχεῖν
699 2887 803 2981 κύκλῳ
839 2894 913 2974 περὶ
940 2890 978 2959 τά
1002 2887 1108 2979 σφυρά
1132 2893 1313 2977 „plumbum

208 3001 345 3066 fundere
369 3002 484 3067 circum
508 3000 624 3067 talos“.
663 3001 712 3079 Pl.
732 3001 816 3064 1131
842 2994 942 3090 ὀδόνιγ
966 3020 1001 3066 σε
1016 3000 1090 3087 περὶ
1105 2995 1143 3066 τά
1160 2993 1312 3081 σπλάγχν’

214 3106 304 3174 ἔοικέ
325 3131 371 3181 τις
395 3112 551 3194 στρέφειν.
598 3109 662 3172 Hic
685 3109 775 3172 locus
801 3128 865 3173 non
889 3108 967 3172 satis
991 3126 1163 3192 expressus
1186 3108 1317 3192 proprie

212 3216 259 3280 sie
282 3215 490 3280 transfertur:
527 3215 641 3298 „dolor
669 3214 782 3296 aliquis
813 3222 846 3279 te
870 3215 956 3279 circa
980 3209 1027 3299 (=
1052 3209 1098 3298 in)
1122 3216 1248 3280 viscera
1270 3215 1312 3279 vi·

212 3323 305 3388 detur
339 3319 549 3388 convertore“
585 3321 652 3387 siue
688 3322 739 3404 „in
774 3322 951 3386 visceribus
988 3318 1175 3407 torquere“;
1223 3343 1315 3408 prae

210 3431 328 3515 positio
378 3431 460 3494 enim
504 3437 540 3496 ut
590 3449 687 3514 supra
737 3429 888 3514 imprimis
938 3429 1086 3494 viciniam
1133 3436 1314 3512 tectumque

212 3538 390 3622 explanans
425 3536 503 3601 nihil
531 3537 617 3601 aliud
647 3535 806 3620 significat
834 3556 929 3620 quum
951 3536 1096 3602 Latinum
1127 3537 1315 3602 vocabulum

212 3641 300 3727 ‚‚in“.
336 3643 499 3728 Vulgntue
523 3638 906 3726 editiones(cf.1nvern.,
932 3643 1044 3727 Beklr„
1069 3639 1179 3728 Dind.)
1196 3643 1316 3708 habent

345 3744 504 3842 ὀδύνησε
527 3746 608 3836 πρός
629 3746 666 3816 τά
691 3744 844 3833 σπλάγχν’
870 3748 946 3817 ἔοικ’
972 3749 1185 3836 ἐπιστρέφειν.

198 3857 266 3924 ΔΑό
282 3859 418 3923 tormina
432 3859 563 3939 ventris,
588 3878 668 3943 quos
685 3853 842 3944 στρόφους
856 3859 1021 3943 appellant
1036 3857 1159 3937 medici,
1181 3855 1316 3941 respicit

211 3972 325 4051 poetc3
363 3967 403 4031 oi.
433 3965 493 4031 Th.
522 3964 588 4030 484
619 3961 757 4052 στρόφος
788 3961 821 4050 μ’
854 3963 921 4046 ἔχει
956 3960 1013 4050 τήν
1044 3962 1184 4048 γαστέρ’,
1223 3943 1316 4047 ὀνερ,

212 4067 333 4164 κιόδύη,
371 4093 432 4156 quo
467 4073 540 4139 loeo
576 4066 714 4160 στρόφος
747 4079 780 4139 ct
812 4067 912 4161 ὀδύνη
946 4071 1151 4164 collocentur.
1212 4068 1316 4135 Etiam

213 4179 308 4246 Both.
333 4179 431 4246 habet
458 4180 628 4247 lectionem
658 4177 738 4263 πρδς
760 4205 785 4246 τ.
810 4195 863 4246 σπ.
889 4183 923 4243 et
951 4182 1194 4244 commentatur:
1231 4177 1316 4260 „Do-

189 4287 313 4354 .lorem
343 4287 395 4353 vel
419 4283 592 4374 στρόφους,
617 4287 763 4369 tormina,
800 4285 878 4351 dicit
902 4279 1034 4369 (Oarion
1062 4279 1198 4370 servus),
1235 4304 1317 4368 quae
