3148 4984
652 561 873 632 ..53-

212 749 387 826 fieultatem
411 761 444 824 in
467 760 528 826 hoc
551 781 647 826 versu
673 761 779 825 inesse
807 780 870 824 non
897 775 1000 842 neg03
1036 759 1094 824 sed
1121 765 1219 844 poeta
1247 760 1311 826 illis

211 869 387 934 nominibus
410 869 592 953 promiscue
613 869 727 950 utitur,
758 888 827 932 cum
851 866 891 930 de
913 873 1050 948 utraque
1073 867 1205 932 muliere
1227 869 1311 933 idem

212 977 328 1042 valeat.
374 974 515 1040 Narrant
537 982 655 1058 poetae
679 973 733 1056 (cf.
758 973 932 1059 Appollod.
958 971 1026 1052 2‚3
1050 972 1135 1057 Hyg.
1160 975 1224 1039 fab.
1242 972 1310 1059 67),

213 1081 456 1160 Stheneboeam,
482 1101 551 1145 cum
574 1080 817 1164 Bellerophonti
839 1101 902 1145 non
924 1079 1085 1164 potuisset
1106 1082 1311 1166 persuadere,

213 1198 248 1256 ut
271 1192 373 1276 ipsam
397 1194 527 1265 amaret,
554 1188 757 1252 accusavisse
781 1208 860 1268 eum,
887 1185 976 1269 quasi
999 1187 1031 1251 ri
1054 1185 1094 1250 ab
1112 1208 1150 1253 eo
1168 1195 1314 1275 stuprata

215 1305 310 1375 esset,
337 1317 376 1360 ac
400 1295 524 1375 deinde,
551 1313 620 1358 cum
642 1295 697 1358 ille
719 1296 872 1358 innocens
894 1299 983 1356 esset
997 1291 1153 1376 inventus,
1179 1295 1315 1361 cicutam
1338 1300 1343 1308 '

217 1405 355 1485 bibisse,
379 1402 559 1466 Phaedram
584 1409 689 1467 autem
714 1421 749 1466 se
771 1403 874 1487 ipsam
895 1401 1111 1487 suspendisse,
1135 1401 1314 1487 Hippolyto

216 1511 363 1594 privigno
387 1509 504 1573 frustra
528 1510 570 1573 ad
585 1510 785 1575 concubitum
799 1509 944 1594 impulso.
991 1509 1224 1595 Aristophanes
1242 1511 1314 1595 ipse

213 1635 318 1680 nonne
343 1636 398 1680 eas
421 1609 544 1698 πόρνας
567 1617 732 1702 appellat?
776 1617 825 1679 Ac
849 1615 922 1698 quid
947 1615 1064 1701 plurali
1087 1635 1218 1681 numero
1235 1609 1315 1700 ῶμαλ

213 1725 408 1806 Σθενέβοιαι
436 1723 624 1808 exprimitur
651 1724 711 1787 nisi
735 1719 940 1788 Stheneboea
970 1723 1124 1807 simulque
1146 1723 1315 1789 Phaedra?

215 1823 269 1891 Sic
304 1829 458 1912 cogitanti
491 1850 603 1896 versus
636 1852 699 1896 non
733 1831 796 1894 iam
832 1830 987 1895 obscurus
1020 1832 1090 1914 erit,
1127 1851 1315 1914 quamquam

212 1935 375 2018 profiteor,
401 1937 503 2002 altero
527 1937 654 2003 nomine
668 1938 773 2022 posito
791 1937 889 2002 multo
906 1936 1128 2002 dilucidiorem
1143 1957 1213 2003 eum
1230 1938 1313 2004 fore.

212 2040 343 2107 Velsen.
367 2064 494 2108 versum
517 2045 725 2130 depravatum
747 2045 868 2110 habens
892 2045 939 2109 ita
962 2046 1124 2110 emendat:

214 2160 349 2252 πότερον
371 2167 400 2234 Ιδ’
427 2163 484 2235 oria
508 2164 584 2235 ὄντα
603 2165 698 2252 λόγον
713 2165 824 2236 τοῦτον
839 2169 893 2236 καὶ
908 2165 963 2236 cdv
981 2172 1125 2256 Φαίδρας
1140 2173 1299 2259 ξυνέθηκα
1305 2195 1316 2251 ,·

214 2292 291 2356 Mihi
327 2294 453 2377 quidem
488 2314 549 2358 non
582 2297 614 2358 in
641 2296 766 2360 nomine
795 2295 971 2376 Phaedrae,
1008 2295 1065 2359 sed
1092 2282 1130 2358 in'
1151 2293 1314 2360 vocabulis

213 2395 310 2482 λόγον
344 2400 454 2467 τοῦτον
490 2401 659 2466 difficultas
695 2402 820 2466 videtur
855 2421 927 2466 esse
959 2403 1110 2485 maxima,
1146 2422 1218 2466 nam
1246 2421 1315 2466 cum

213 2503 306 2590 λόγος
330 2491 423 2582 οὗτος
446 2509 522 2574 nihil
547 2529 620 2574 esse
644 2510 747 2594 possit
769 2509 829 2572 nisi
853 2510 964 2573 sabula
988 2530 1069 2592 quae
1093 2508 1259 2594 praecedit
1275 2510 1315 2573 de

216 2615 377 2698 Stheneb,
401 2618 514 2682 merito
539 2616 687 2682 Phaedra
710 2624 956 2681 commemorata
970 2616 1224 2701 reprehenditur.
1271 2617 1317 2682 At

214 2722 288 2788 mihi
322 2723 471 2807 displicet
499 2724 677 2789 emendatio
706 2743 799 2807 quam
828 2723 959 2788 Velsen.
989 2723 1099 2789 offert:
1136 2745 1199 2788 non
1227 2729 1315 2788 recte

215 2839 266 2896 est
289 2830 397 2896 dicere
421 2826 517 2914 λόγον
540 2828 727 2898 τοῦτονκαὶ
749 2827 803 2897 τὸν
826 2833 982 2916 Φαίδρας,
1008 2851 1077 2895 eum
1093 2850 1152 2916 per
1168 2829 1316 2915 syntaxin

213 2940 405 3022 postuletur,
440 2946 475 3004 ut
507 2939 595 3004 dicas
623 2939 676 3005 καὶ
704 2935 757 3004 τὸν
784 2939 859 3023 περὶ
888 2941 1042 3024 Φαίδρας,
1077 2937 1110 3001 id
1139 2937 1317 3020 quodcum

213 3051 316 3110 metro
340 3066 404 3110 non
427 3049 583 3130 congruit.
630 3045 842 3124 Quamobrem
866 3052 994 3128 egomet
1017 3045 1063 3110 sic
1087 3044 1225 3110 conicio:

214 3164 350 3252 πότερον
366 3173 394 3235 δ’
413 3165 472 3236 οὐκ
489 3165 564 3237 ὄντα
579 3166 676 3255 λόγον
687 3169 798 3238 τοῦτον
810 3171 872 3237 καὶ
884 3171 972 3258 περὶ
987 3173 1131 3255 Φαίδρας
1141 3173 1301 3260 ξυνέθηκα
1307 3192 1315 3254 ;

305 3296 432 3377 Restat,
458 3302 493 3359 ut
514 3297 615 3360 verba
636 3297 783 3364 mittendi
806 3302 841 3360 et
855 3295 1077 3380 proficiscendi
1093 3313 1316 3360 commemore-

215 3423 294 3484 mus,
320 3403 433 3487 quibus
457 3406 533 3489 περί
555 3404 741 3488 apponitur:
776 3403 851 3467 Pac.
877 3404 918 3468 26
947 3402 1059 3470 ἐλθεῖν
1082 3395 1209 3493 εἰρήνης
1232 3405 1317 3487 πέρι.

215 3511 275 3592 Eq.
302 3509 376 3592 669,
402 3509 465 3574 671
495 3504 706 3596 ῶφικνεῖσθαι
734 3509 808 3596 περὶ
837 3509 988 3577 σπονδῶν
1023 3509 1129 3594 (aliter
1153 3509 1228 3594 Lys.
1252 3506 1318 3571 513

214 3617 289 3703 περὶ
323 3615 386 3683 τῶν
420 3613 570 3684 σπονδῶν
596 3616 631 3684 ἐν
657 3613 695 3702 τῇ
723 3609 818 3705 σνήλγγ
847 3611 1070 3704 παραγράψαι,
1100 3638 1162 3700 quo
1190 3617 1261 3682 loco
1290 3618 1320 3682 ui
1437 3683 1447 3700 ⁸

215 3725 414 3810 praecedens
432 3744 500 3790 curn
515 3724 756 3809 praepositione
772 3726 1016 3790 construendum
1033 3731 1101 3808 ast3
1118 3723 1181 3788 vid.
1196 3719 1318 3809 supra).

215 3834 275 3897 Av.
303 3829 387 3896 1532
412 3825 501 3918 ἥκειν
524 3831 599 3918 περὶ
622 3827 814 3913 διαλλαγῶν,
845 3831 885 3895 ef.
915 3829 1009 3910 1588,
1037 3828 1133 3894 1595.
1165 3829 1239 3914 Lys.
1265 3828 1318 3911 71,

216 3939 291 4022 984,
318 3938 412 4020 1009,
440 3937 535 4002 1101.
559 3939 619 4004 Au.
641 3936 724 4003 1577
753 3933 925 4026 ᾑρήμεσθα
949 3936 1024 4022 περὶ
1045 3933 1227 4019 διαλλαγῶν
1246 3939 1317 4022 πρί-

218 4051 312 4131 σβεις.
353 4046 427 4111 Ηαα
450 4047 545 4110 etiam
567 4046 731 4132 pertinent
753 4046 884 4110 verbum
907 4043 1055 4110 movendi
1078 4041 1196 4126 ἕλκειν,
1231 4043 1319 4108 cuius

216 4154 379 4238 passivum
402 4153 523 4236 legitur
542 4152 623 4218 Nub.
644 4152 730 4216 1004
747 4146 816 4219 οὐδ’
835 4146 1006 4236 ἑλκόμενος
1020 4150 1095 4237 περὶ
1110 4151 1319 4236 πραγματίου.

211 4334 213 4338 ,
310 4278 381 4342 Duo
424 4277 560 4362 denique
598 4278 660 4343 loci
695 4277 782 4362 digni
819 4283 892 4344 sunt
927 4297 1059 4360 quorum
1093 4277 1213 4342 mentio
1248 4275 1318 4340 liat:
