<?xml version="1.0" encoding="UTF-8"?>
<!DOCTYPE html PUBLIC "-//W3C//DTD XHTML 1.0 Transitional//EN"
    "http://www.w3.org/TR/xhtml1/DTD/xhtml1-transitional.dtd">
<html xmlns="http://www.w3.org/1999/xhtml" xml:lang="en" lang="en">
 <head>
  <title>
</title>
<meta http-equiv="Content-Type" content="text/html;charset=utf-8" />
  <meta name='ocr-system' content='tesseract 3.04.00' />
  <meta name='ocr-capabilities' content='ocr_page ocr_carea ocr_par ocr_line ocrx_word'/>
</head>
<body>
  <div class='ocr_page' id='page_1' title='image "./depraepositioni00vogegoog_0059.png"; bbox 0 0 3148 4984; ppageno 0'>
   <div class='ocr_carea' id='block_1_1' title="bbox 722 511 941 578">
    <p class='ocr_par' dir='ltr' id='par_1_1' title="bbox 722 511 941 578">
     <span class='ocr_line' id='line_1_1' title="bbox 722 511 941 578; baseline 0.009 -18"><span class='ocrx_word' id='word_1_1' title='bbox 722 511 941 578; x_wconf 67' lang='lat'>„50....</span> 
     </span>
    </p>
   </div>
   <div class='ocr_carea' id='block_1_2' title="bbox 277 697 1389 2501">
    <p class='ocr_par' dir='ltr' id='par_1_2' title="bbox 277 697 1389 2501">
     <span class='ocr_line' id='line_1_2' title="bbox 277 697 1381 794; baseline 0.004 -22"><span class='ocrx_word' id='word_1_2' title='bbox 277 706 391 791; x_wconf 81' lang='lat' dir='ltr'>Neque</span> <span class='ocrx_word' id='word_1_3' title='bbox 425 697 533 787; x_wconf 68' lang='lat' dir='ltr'>aliter,</span> <span class='ocrx_word' id='word_1_4' title='bbox 570 705 597 770; x_wconf 86' lang='lat' dir='ltr'>si</span> <span class='ocrx_word' id='word_1_5' title='bbox 633 708 709 791; x_wconf 84' lang='grc' dir='ltr'><em>περί</em></span> <span class='ocrx_word' id='word_1_6' title='bbox 725 707 899 776; x_wconf 71' lang='lat' dir='ltr'>,invenitur</span> <span class='ocrx_word' id='word_1_7' title='bbox 933 709 1019 792; x_wconf 86' lang='lat' dir='ltr'>apud</span> <span class='ocrx_word' id='word_1_8' title='bbox 1058 711 1274 794; x_wconf 74' lang='grc' dir='ltr'><em>διαφέρεσθαι</em></span> <span class='ocrx_word' id='word_1_9' title='bbox 1308 710 1381 794; x_wconf 79' lang='lat' dir='ltr'>bys.</span> 
     </span>
     <span class='ocr_line' id='line_1_3' title="bbox 282 806 1384 897; baseline 0.005 -20"><span class='ocrx_word' id='word_1_10' title='bbox 282 812 379 878; x_wconf 77' lang='lat'>1172.</span> <span class='ocrx_word' id='word_1_11' title='bbox 408 806 608 883; x_wconf 75' lang='grc' dir='ltr'><em>κινδυνεύειν</em></span> <span class='ocrx_word' id='word_1_12' title='bbox 639 813 688 879; x_wconf 86' lang='grc' dir='ltr'>ΡΙ.</span> <span class='ocrx_word' id='word_1_13' title='bbox 719 811 794 880; x_wconf 83' lang='lat'>524.</span> <span class='ocrx_word' id='word_1_14' title='bbox 819 819 997 897; x_wconf 77' lang='grc' dir='ltr'><em>ναυμαχεῖν</em></span> <span class='ocrx_word' id='word_1_15' title='bbox 1023 813 1105 880; x_wconf 87' lang='lat' dir='ltr'>Rau.</span> <span class='ocrx_word' id='word_1_16' title='bbox 1137 814 1210 880; x_wconf 89' lang='grc'><strong>191.</strong></span> <span class='ocrx_word' id='word_1_17' title='bbox 1251 815 1300 880; x_wconf 82' lang='lat' dir='ltr'>Ex</span> <span class='ocrx_word' id='word_1_18' title='bbox 1322 816 1384 882; x_wconf 86' lang='lat' dir='ltr'>boo</span> 
     </span>
     <span class='ocr_line' id='line_1_4' title="bbox 278 919 1383 1007; baseline 0.005 -23"><span class='ocrx_word' id='word_1_19' title='bbox 278 939 337 984; x_wconf 90' lang='lat' dir='ltr'>usu</span> <span class='ocrx_word' id='word_1_20' title='bbox 367 919 546 1005; x_wconf 82' lang='lat' dir='ltr'>proiectum</span> <span class='ocrx_word' id='word_1_21' title='bbox 581 927 632 987; x_wconf 85' lang='lat' dir='ltr'>est</span> <span class='ocrx_word' id='word_1_22' title='bbox 666 920 750 1004; x_wconf 89' lang='lat' dir='ltr'>quod</span> <span class='ocrx_word' id='word_1_23' title='bbox 788 919 904 986; x_wconf 84' lang='lat' dir='ltr'>dieitur</span> <span class='ocrx_word' id='word_1_24' title='bbox 932 921 1031 1007; x_wconf 88' lang='lat' dir='ltr'>Veap.</span> <span class='ocrx_word' id='word_1_25' title='bbox 1061 920 1126 986; x_wconf 78' lang='lat'>375</span> <span class='ocrx_word' id='word_1_26' title='bbox 1162 925 1296 1006; x_wconf 78' lang='grc' dir='ltr'><em>δραμεῖν</em></span> <span class='ocrx_word' id='word_1_27' title='bbox 1329 919 1383 990; x_wconf 77' lang='grc' dir='ltr'>τὸν</span> 
     </span>
     <span class='ocr_line' id='line_1_5' title="bbox 278 1021 1381 1112; baseline 0.002 -20"><span class='ocrx_word' id='word_1_28' title='bbox 278 1025 352 1112; x_wconf 83' lang='grc' dir='ltr'><em>περὶ</em></span> <span class='ocrx_word' id='word_1_29' title='bbox 380 1023 491 1112; x_wconf 82' lang='grc' dir='ltr'><em>ψυχῆς</em></span> <span class='ocrx_word' id='word_1_30' title='bbox 520 1021 643 1111; x_wconf 83' lang='grc' dir='ltr'><em>δρόμον</em></span> <span class='ocrx_word' id='word_1_31' title='bbox 671 1027 754 1108; x_wconf 81' lang='lat' dir='ltr'>„den</span> <span class='ocrx_word' id='word_1_32' title='bbox 783 1025 944 1094; x_wconf 88' lang='lat' dir='ltr'>Wettlauf</span> <span class='ocrx_word' id='word_1_33' title='bbox 966 1049 1034 1094; x_wconf 87' lang='lat' dir='ltr'>urna</span> <span class='ocrx_word' id='word_1_34' title='bbox 1056 1028 1168 1096; x_wconf 79' lang='lat' dir='ltr'>beben</span> <span class='ocrx_word' id='word_1_35' title='bbox 1194 1028 1381 1111; x_wconf 86' lang='lat' dir='ltr'>bestehen“‚</span> 
     </span>
     <span class='ocr_line' id='line_1_6' title="bbox 280 1131 1379 1217; baseline 0.003 -19"><span class='ocrx_word' id='word_1_36' title='bbox 280 1133 320 1198; x_wconf 82' lang='lat' dir='ltr'>of.</span> <span class='ocrx_word' id='word_1_37' title='bbox 345 1133 433 1198; x_wconf 89' lang='lat' dir='ltr'>Plat.</span> <span class='ocrx_word' id='word_1_38' title='bbox 458 1133 591 1198; x_wconf 85' lang='lat' dir='ltr'>Theaet.</span> <span class='ocrx_word' id='word_1_39' title='bbox 620 1131 692 1214; x_wconf 85' lang='grc'><strong>173,</strong></span> <span class='ocrx_word' id='word_1_40' title='bbox 718 1134 757 1197; x_wconf 85' lang='grc' dir='ltr'>Δ.</span> <span class='ocrx_word' id='word_1_41' title='bbox 803 1132 927 1200; x_wconf 79' lang='lat' dir='ltr'>Eodem</span> <span class='ocrx_word' id='word_1_42' title='bbox 950 1134 1012 1200; x_wconf 89' lang='lat' dir='ltr'>duo</span> <span class='ocrx_word' id='word_1_43' title='bbox 1036 1137 1099 1202; x_wconf 88' lang='lat' dir='ltr'>looi</span> <span class='ocrx_word' id='word_1_44' title='bbox 1121 1135 1281 1202; x_wconf 85' lang='lat' dir='ltr'>referendi</span> <span class='ocrx_word' id='word_1_45' title='bbox 1297 1144 1379 1217; x_wconf 88' lang='lat' dir='ltr'>sunt,</span> 
     </span>
     <span class='ocr_line' id='line_1_7' title="bbox 281 1236 1383 1325; baseline 0.003 -22"><span class='ocrx_word' id='word_1_46' title='bbox 281 1241 395 1324; x_wconf 89' lang='lat' dir='ltr'>quibus</span> <span class='ocrx_word' id='word_1_47' title='bbox 433 1240 630 1325; x_wconf 75' lang='lat' dir='ltr'>praepositio</span> <span class='ocrx_word' id='word_1_48' title='bbox 666 1240 787 1324; x_wconf 90' lang='lat' dir='ltr'>pendet</span> <span class='ocrx_word' id='word_1_49' title='bbox 821 1260 861 1312; x_wconf 85' lang='lat' dir='ltr'>ex</span> <span class='ocrx_word' id='word_1_50' title='bbox 895 1261 976 1306; x_wconf 82' lang='lat' dir='ltr'>voce</span> <span class='ocrx_word' id='word_1_51' title='bbox 1008 1236 1110 1325; x_wconf 78' lang='lat' dir='ltr'>u&#39;yaiu:</span> <span class='ocrx_word' id='word_1_52' title='bbox 1146 1243 1231 1310; x_wconf 91' lang='lat' dir='ltr'>Nub.</span> <span class='ocrx_word' id='word_1_53' title='bbox 1260 1241 1324 1306; x_wconf 81' lang='lat'>958</span> <span class='ocrx_word' id='word_1_54' title='bbox 1350 1249 1383 1307; x_wconf 92' lang='lat' dir='ltr'>et</span> 
     </span>
     <span class='ocr_line' id='line_1_8' title="bbox 278 1342 1380 1434; baseline 0.003 -23"><span class='ocrx_word' id='word_1_55' title='bbox 278 1347 379 1432; x_wconf 88' lang='lat' dir='ltr'>Vesp.</span> <span class='ocrx_word' id='word_1_56' title='bbox 397 1345 478 1432; x_wconf 74' lang='lat'>5343</span> <span class='ocrx_word' id='word_1_57' title='bbox 504 1354 569 1412; x_wconf 89' lang='lat' dir='ltr'>tum</span> <span class='ocrx_word' id='word_1_58' title='bbox 585 1367 664 1412; x_wconf 91' lang='lat' dir='ltr'>unus</span> <span class='ocrx_word' id='word_1_59' title='bbox 681 1348 779 1427; x_wconf 88' lang='lat' dir='ltr'>loous,</span> <span class='ocrx_word' id='word_1_60' title='bbox 798 1367 860 1430; x_wconf 92' lang='lat' dir='ltr'>quo</span> <span class='ocrx_word' id='word_1_61' title='bbox 876 1342 1019 1431; x_wconf 81' lang='grc' dir='ltr'><em>πόλεμος</em></span> <span class='ocrx_word' id='word_1_62' title='bbox 1035 1353 1187 1424; x_wconf 77' lang='lat' dir='ltr'>occurrit:</span> <span class='ocrx_word' id='word_1_63' title='bbox 1211 1350 1287 1434; x_wconf 77' lang='lat' dir='ltr'>Frg.</span> <span class='ocrx_word' id='word_1_64' title='bbox 1306 1349 1380 1416; x_wconf 79' lang='grc'><strong>338.</strong></span> 
     </span>
     <span class='ocr_line' id='line_1_9' title="bbox 279 1453 1382 1538; baseline 0.002 -18"><span class='ocrx_word' id='word_1_65' title='bbox 279 1453 352 1520; x_wconf 90' lang='lat' dir='ltr'>Non</span> <span class='ocrx_word' id='word_1_66' title='bbox 381 1455 511 1519; x_wconf 90' lang='lat' dir='ltr'>multum</span> <span class='ocrx_word' id='word_1_67' title='bbox 539 1454 600 1519; x_wconf 86' lang='lat' dir='ltr'>has</span> <span class='ocrx_word' id='word_1_68' title='bbox 628 1454 807 1521; x_wconf 82' lang='lat' dir='ltr'>locutiones</span> <span class='ocrx_word' id='word_1_69' title='bbox 836 1455 1025 1538; x_wconf 86' lang='lat' dir='ltr'>abhorrent,</span> <span class='ocrx_word' id='word_1_70' title='bbox 1061 1464 1096 1521; x_wconf 92' lang='lat' dir='ltr'>ut</span> <span class='ocrx_word' id='word_1_71' title='bbox 1118 1458 1224 1538; x_wconf 82' lang='lat' dir='ltr'>vides,</span> <span class='ocrx_word' id='word_1_72' title='bbox 1260 1458 1382 1522; x_wconf 87' lang='lat' dir='ltr'>abusu</span> 
     </span>
     <span class='ocr_line' id='line_1_10' title="bbox 278 1561 1383 1646; baseline 0.004 -20"><span class='ocrx_word' id='word_1_73' title='bbox 278 1561 419 1645; x_wconf 83' lang='lat' dir='ltr'>vulgari:</span> <span class='ocrx_word' id='word_1_74' title='bbox 443 1563 578 1629; x_wconf 77' lang='lat' dir='ltr'>maxime</span> <span class='ocrx_word' id='word_1_75' title='bbox 600 1563 764 1646; x_wconf 90' lang='lat' dir='ltr'>proprium</span> <span class='ocrx_word' id='word_1_76' title='bbox 782 1569 899 1645; x_wconf 86' lang='lat' dir='ltr'>poetae</span> <span class='ocrx_word' id='word_1_77' title='bbox 916 1564 1027 1628; x_wconf 83' lang='lat' dir='ltr'>comici</span> <span class='ocrx_word' id='word_1_78' title='bbox 1044 1570 1093 1629; x_wconf 92' lang='lat' dir='ltr'>est</span> <span class='ocrx_word' id='word_1_79' title='bbox 1107 1564 1185 1629; x_wconf 89' lang='lat' dir='ltr'>illud</span> <span class='ocrx_word' id='word_1_80' title='bbox 1206 1573 1383 1646; x_wconf 82' lang='grc' dir='ltr'><em>ναυμαχεῖν</em></span> 
     </span>
     <span class='ocr_line' id='line_1_11' title="bbox 277 1663 1381 1756; baseline 0.003 -23"><span class='ocrx_word' id='word_1_81' title='bbox 277 1663 336 1755; x_wconf 75' lang='grc' dir='ltr'>τήν</span> <span class='ocrx_word' id='word_1_82' title='bbox 358 1669 432 1755; x_wconf 85' lang='grc' dir='ltr'><em>περὶ</em></span> <span class='ocrx_word' id='word_1_83' title='bbox 454 1665 516 1734; x_wconf 76' lang='grc' dir='ltr'>τῶν</span> <span class='ocrx_word' id='word_1_84' title='bbox 538 1663 648 1751; x_wconf 76' lang='grc' dir='ltr'><em>κρεῶν.</em></span> <span class='ocrx_word' id='word_1_85' title='bbox 697 1668 845 1749; x_wconf 82' lang='lat' dir='ltr'>Graecis,</span> <span class='ocrx_word' id='word_1_86' title='bbox 881 1687 950 1756; x_wconf 85' lang='lat' dir='ltr'>oum</span> <span class='ocrx_word' id='word_1_87' title='bbox 979 1670 1020 1735; x_wconf 88' lang='lat' dir='ltr'>de</span> <span class='ocrx_word' id='word_1_88' title='bbox 1043 1691 1161 1736; x_wconf 90' lang='lat' dir='ltr'>summa</span> <span class='ocrx_word' id='word_1_89' title='bbox 1184 1691 1290 1735; x_wconf 87' lang='lat' dir='ltr'>rerum</span> <span class='ocrx_word' id='word_1_90' title='bbox 1315 1690 1381 1736; x_wconf 87' lang='lat' dir='ltr'>oer-</span> 
     </span>
     <span class='ocr_line' id='line_1_12' title="bbox 279 1775 1381 1864; baseline 0.004 -26"><span class='ocrx_word' id='word_1_91' title='bbox 279 1775 406 1838; x_wconf 89' lang='lat' dir='ltr'>taminis</span> <span class='ocrx_word' id='word_1_92' title='bbox 436 1775 616 1860; x_wconf 77' lang='lat' dir='ltr'><strong>capitisque</strong></span> <span class='ocrx_word' id='word_1_93' title='bbox 649 1775 783 1858; x_wconf 81' lang='lat' dir='ltr'>periculi</span> <span class='ocrx_word' id='word_1_94' title='bbox 816 1777 1007 1840; x_wconf 79' lang='lat' dir='ltr'>mentionem</span> <span class='ocrx_word' id='word_1_95' title='bbox 1041 1778 1216 1860; x_wconf 83' lang='lat' dir='ltr'>faciebant,</span> <span class='ocrx_word' id='word_1_96' title='bbox 1251 1786 1381 1864; x_wconf 83' lang='lat' dir='ltr'>praeter</span> 
     </span>
     <span class='ocr_line' id='line_1_13' title="bbox 278 1875 1382 1971; baseline 0.005 -27"><span class='ocrx_word' id='word_1_97' title='bbox 278 1880 358 1950; x_wconf 88' lang='lat' dir='ltr'>illud</span> <span class='ocrx_word' id='word_1_98' title='bbox 380 1876 435 1948; x_wconf 80' lang='grc' dir='ltr'>τόν</span> <span class='ocrx_word' id='word_1_99' title='bbox 457 1882 531 1966; x_wconf 84' lang='grc' dir='ltr'><em>περὶ</em></span> <span class='ocrx_word' id='word_1_100' title='bbox 554 1877 662 1966; x_wconf 73' lang='grc' dir='ltr'><em>ψυχῆς</em></span> <span class='ocrx_word' id='word_1_101' title='bbox 686 1875 807 1964; x_wconf 81' lang='grc' dir='ltr'><em>δρόμον</em></span> <span class='ocrx_word' id='word_1_102' title='bbox 831 1884 966 1966; x_wconf 79' lang='grc' dir='ltr'><em>δραμεῖν</em></span> <span class='ocrx_word' id='word_1_103' title='bbox 993 1884 1053 1948; x_wconf 88' lang='lat' dir='ltr'>hoe</span> <span class='ocrx_word' id='word_1_104' title='bbox 1080 1887 1283 1971; x_wconf 86' lang='lat' dir='ltr'>proverbium</span> <span class='ocrx_word' id='word_1_105' title='bbox 1313 1894 1382 1952; x_wconf 84' lang='lat' dir='ltr'>erat</span> 
     </span>
     <span class='ocr_line' id='line_1_14' title="bbox 279 1982 1381 2076; baseline 0.004 -24"><span class='ocrx_word' id='word_1_106' title='bbox 279 1990 379 2052; x_wconf 91' lang='lat' dir='ltr'>minus</span> <span class='ocrx_word' id='word_1_107' title='bbox 403 1988 555 2073; x_wconf 84' lang='lat' dir='ltr'>lepidum:</span> <span class='ocrx_word' id='word_1_108' title='bbox 579 1983 596 2053; x_wconf 86' lang='grc' dir='ltr'>ὁ</span> <span class='ocrx_word' id='word_1_109' title='bbox 618 1984 722 2070; x_wconf 74' lang='grc' dir='ltr'><em>λαγώς</em></span> <span class='ocrx_word' id='word_1_110' title='bbox 744 1982 799 2052; x_wconf 77' lang='grc' dir='ltr'>τόν</span> <span class='ocrx_word' id='word_1_111' title='bbox 815 1985 966 2073; x_wconf 73' lang='grc' dir='ltr'><em>περὶτῶν</em></span> <span class='ocrx_word' id='word_1_112' title='bbox 989 1987 1091 2074; x_wconf 74' lang='grc' dir='ltr'><em>κρεῶν</em></span> <span class='ocrx_word' id='word_1_113' title='bbox 1113 1997 1229 2075; x_wconf 76' lang='grc' dir='ltr'><em>τρέχει,</em></span> <span class='ocrx_word' id='word_1_114' title='bbox 1254 1993 1295 2057; x_wconf 89' lang='lat' dir='ltr'>de</span> <span class='ocrx_word' id='word_1_115' title='bbox 1318 2014 1381 2076; x_wconf 90' lang='lat' dir='ltr'>quo</span> 
     </span>
     <span class='ocr_line' id='line_1_15' title="bbox 279 2090 1381 2182; baseline 0.002 -21"><span class='ocrx_word' id='word_1_116' title='bbox 279 2097 400 2162; x_wconf 87' lang='lat' dir='ltr'>Zenob.</span> <span class='ocrx_word' id='word_1_117' title='bbox 429 2095 459 2176; x_wconf 83' lang='lat'>4,</span> <span class='ocrx_word' id='word_1_118' title='bbox 477 2093 534 2160; x_wconf 89' lang='lat'>85:</span> <span class='ocrx_word' id='word_1_119' title='bbox 571 2093 650 2176; x_wconf 78' lang='lat' dir='ltr'>„s&#39;rri</span> <span class='ocrx_word' id='word_1_120' title='bbox 677 2093 739 2160; x_wconf 77' lang='grc' dir='ltr'>τῶν</span> <span class='ocrx_word' id='word_1_121' title='bbox 767 2090 1069 2172; x_wconf 82' lang='grc' dir='ltr'><em>διακινδυνευόνυων</em></span> <span class='ocrx_word' id='word_1_122' title='bbox 1091 2107 1159 2171; x_wconf 82' lang='grc' dir='ltr'><em>ταῖς</em></span> <span class='ocrx_word' id='word_1_123' title='bbox 1182 2108 1306 2182; x_wconf 77' lang='grc' dir='ltr'><em>ψυχαῖς</em></span> <span class='ocrx_word' id='word_1_124' title='bbox 1328 2100 1381 2164; x_wconf 79' lang='grc' dir='ltr'>καὶ</span> 
     </span>
     <span class='ocr_line' id='line_1_16' title="bbox 280 2196 1380 2292; baseline -0.001 -23"><span class='ocrx_word' id='word_1_125' title='bbox 280 2199 361 2288; x_wconf 81' lang='grc' dir='ltr'><em>πρός</em></span> <span class='ocrx_word' id='word_1_126' title='bbox 388 2199 479 2269; x_wconf 78' lang='grc' dir='ltr'><em>τοῦτο</em></span> <span class='ocrx_word' id='word_1_127' title='bbox 507 2200 662 2286; x_wconf 68' lang='grc' dir='ltr'><em>καρτεροῖς</em></span> <span class='ocrx_word' id='word_1_128' title='bbox 689 2196 929 2285; x_wconf 77' lang='grc' dir='ltr'><em>ἀγωνιζομένων</em></span> <span class='ocrx_word' id='word_1_129' title='bbox 956 2201 1167 2292; x_wconf 78' lang='grc' dir='ltr'><em>ταοοομένη“.</em></span> <span class='ocrx_word' id='word_1_130' title='bbox 1214 2203 1286 2268; x_wconf 84' lang='grc' dir='ltr'>Ηοο</span> <span class='ocrx_word' id='word_1_131' title='bbox 1308 2224 1380 2286; x_wconf 87' lang='lat' dir='ltr'>pro·</span> 
     </span>
     <span class='ocr_line' id='line_1_17' title="bbox 279 2310 1389 2394; baseline 0 -20"><span class='ocrx_word' id='word_1_132' title='bbox 279 2311 421 2376; x_wconf 85' lang='lat' dir='ltr'>verbium</span> <span class='ocrx_word' id='word_1_133' title='bbox 450 2311 700 2394; x_wconf 84' lang='lat' dir='ltr'>Aristophanem</span> <span class='ocrx_word' id='word_1_134' title='bbox 733 2311 765 2374; x_wconf 87' lang='lat' dir='ltr'>iu</span> <span class='ocrx_word' id='word_1_135' title='bbox 794 2310 896 2374; x_wconf 92' lang='lat' dir='ltr'>animo</span> <span class='ocrx_word' id='word_1_136' title='bbox 930 2310 1081 2374; x_wconf 80' lang='lat' dir='ltr'>habuisse</span> <span class='ocrx_word' id='word_1_137' title='bbox 1117 2313 1195 2376; x_wconf 90' lang='lat' dir='ltr'>satis</span> <span class='ocrx_word' id='word_1_138' title='bbox 1231 2317 1389 2394; x_wconf 84' lang='lat' dir='ltr'>apparot;·</span> 
     </span>
     <span class='ocr_line' id='line_1_18' title="bbox 280 2417 1380 2501; baseline -0.002 -19"><span class='ocrx_word' id='word_1_139' title='bbox 280 2437 348 2482; x_wconf 85' lang='lat' dir='ltr'>enm</span> <span class='ocrx_word' id='word_1_140' title='bbox 378 2437 455 2482; x_wconf 87' lang='lat' dir='ltr'>vero</span> <span class='ocrx_word' id='word_1_141' title='bbox 493 2418 584 2483; x_wconf 91' lang='lat' dir='ltr'>simul</span> <span class='ocrx_word' id='word_1_142' title='bbox 620 2417 661 2481; x_wconf 87' lang='lat' dir='ltr'>ad</span> <span class='ocrx_word' id='word_1_143' title='bbox 695 2417 851 2500; x_wconf 88' lang='lat' dir='ltr'>proelium</span> <span class='ocrx_word' id='word_1_144' title='bbox 885 2417 998 2481; x_wconf 84' lang='lat' dir='ltr'>navale</span> <span class='ocrx_word' id='word_1_145' title='bbox 1028 2424 1152 2501; x_wconf 81' lang='lat' dir='ltr'>spectet</span> <span class='ocrx_word' id='word_1_146' title='bbox 1180 2417 1265 2499; x_wconf 86' lang='lat' dir='ltr'>apud</span> <span class='ocrx_word' id='word_1_147' title='bbox 1289 2419 1380 2500; x_wconf 80' lang='lat' dir='ltr'>Argi-</span> 
     </span>
    </p>
   </div>
   <div class='ocr_carea' id='block_1_3' title="bbox 175 2524 1477 2716">
    <p class='ocr_par' dir='ltr' id='par_1_3' title="bbox 175 2524 1477 2716">
     <span class='ocr_line' id='line_1_19' title="bbox 280 2524 1477 2608; baseline 0.001 -22"><span class='ocrx_word' id='word_1_148' title='bbox 280 2543 377 2588; x_wconf 86' lang='lat' dir='ltr'>nusas</span> <span class='ocrx_word' id='word_1_149' title='bbox 411 2524 533 2588; x_wconf 89' lang='lat' dir='ltr'>insulas</span> <span class='ocrx_word' id='word_1_150' title='bbox 569 2525 776 2603; x_wconf 81' lang='lat' dir='ltr'>commissum,</span> <span class='ocrx_word' id='word_1_151' title='bbox 812 2524 894 2589; x_wconf 88' lang='lat' dir='ltr'>hano</span> <span class='ocrx_word' id='word_1_152' title='bbox 931 2525 1061 2588; x_wconf 78' lang='lat' dir='ltr'>mixtam</span> <span class='ocrx_word' id='word_1_153' title='bbox 1097 2532 1193 2608; x_wconf 88' lang='lat' dir='ltr'>atque</span> <span class='ocrx_word' id='word_1_154' title='bbox 1230 2525 1382 2592; x_wconf 83' lang='lat' dir='ltr'>uomicam</span> <span class='ocrx_word' id='word_1_155' title='bbox 1476 2545 1477 2550; x_wconf 49' lang='lat'>¹</span> 
     </span>
     <span class='ocr_line' id='line_1_20' title="bbox 175 2627 1381 2716; baseline 0.002 -22"><span class='ocrx_word' id='word_1_156' title='bbox 175 2704 177 2712; x_wconf 20' lang='lat' dir='ltr'><strong><em>J</em></strong></span> <span class='ocrx_word' id='word_1_157' title='bbox 278 2630 470 2696; x_wconf 83' lang='lat' dir='ltr'>locutionem</span> <span class='ocrx_word' id='word_1_158' title='bbox 493 2640 640 2716; x_wconf 83' lang='lat' dir='ltr'>usurpat:</span> <span class='ocrx_word' id='word_1_159' title='bbox 676 2627 733 2716; x_wconf 73' lang='grc' dir='ltr'>νῆν</span> <span class='ocrx_word' id='word_1_160' title='bbox 761 2630 919 2714; x_wconf 76' lang='grc' dir='ltr'><em>περὶτῶν</em></span> <span class='ocrx_word' id='word_1_161' title='bbox 946 2628 1047 2716; x_wconf 77' lang='grc' dir='ltr'><em>κρεῶν</em></span> <span class='ocrx_word' id='word_1_162' title='bbox 1071 2627 1282 2716; x_wconf 87' lang='grc' dir='ltr'><em>(ναυμαχίου)</em></span> <span class='ocrx_word' id='word_1_163' title='bbox 1306 2655 1381 2698; x_wconf 93' lang='grc' dir='ltr'><em>ναυ-</em></span> 
     </span>
    </p>
   </div>
   <div class='ocr_carea' id='block_1_4' title="bbox 278 2737 1382 2930">
    <p class='ocr_par' dir='ltr' id='par_1_4' title="bbox 278 2737 1382 2930">
     <span class='ocr_line' id='line_1_21' title="bbox 279 2737 1382 2820; baseline 0 -18"><span class='ocrx_word' id='word_1_164' title='bbox 279 2745 406 2820; x_wconf 88' lang='grc' dir='ltr'><em>μαχεῖν,</em></span> <span class='ocrx_word' id='word_1_165' title='bbox 443 2757 506 2820; x_wconf 89' lang='lat' dir='ltr'>qua</span> <span class='ocrx_word' id='word_1_166' title='bbox 534 2737 635 2818; x_wconf 86' lang='lat' dir='ltr'>dieat,</span> <span class='ocrx_word' id='word_1_167' title='bbox 672 2742 791 2819; x_wconf 89' lang='lat' dir='ltr'>quanto</span> <span class='ocrx_word' id='word_1_168' title='bbox 821 2737 861 2800; x_wconf 89' lang='lat' dir='ltr'>de</span> <span class='ocrx_word' id='word_1_169' title='bbox 888 2739 1030 2820; x_wconf 78' lang='lat' dir='ltr'>periculo</span> <span class='ocrx_word' id='word_1_170' title='bbox 1061 2757 1099 2801; x_wconf 88' lang='lat' dir='ltr'>ao</span> <span class='ocrx_word' id='word_1_171' title='bbox 1127 2739 1306 2802; x_wconf 82' lang='lat' dir='ltr'>discrimine</span> <span class='ocrx_word' id='word_1_172' title='bbox 1334 2739 1382 2802; x_wconf 89' lang='lat' dir='ltr'>rei</span> 
     </span>
     <span class='ocr_line' id='line_1_22' title="bbox 278 2843 1380 2930; baseline -0.001 -21"><span class='ocrx_word' id='word_1_173' title='bbox 278 2844 427 2930; x_wconf 87' lang='lat' dir='ltr'>publioae</span> <span class='ocrx_word' id='word_1_174' title='bbox 450 2851 579 2928; x_wconf 85' lang='lat' dir='ltr'>agatur:</span> <span class='ocrx_word' id='word_1_175' title='bbox 612 2845 667 2908; x_wconf 90' lang='lat' dir='ltr'>illa</span> <span class='ocrx_word' id='word_1_176' title='bbox 696 2844 777 2908; x_wconf 90' lang='lat' dir='ltr'>enim</span> <span class='ocrx_word' id='word_1_177' title='bbox 800 2863 910 2926; x_wconf 83' lang='lat' dir='ltr'>pugna</span> <span class='ocrx_word' id='word_1_178' title='bbox 941 2849 999 2924; x_wconf 90' lang='lat' dir='ltr'>est,</span> <span class='ocrx_word' id='word_1_179' title='bbox 1029 2863 1122 2925; x_wconf 85' lang='lat' dir='ltr'>quam</span> <span class='ocrx_word' id='word_1_180' title='bbox 1145 2845 1241 2909; x_wconf 88' lang='lat' dir='ltr'>Diod.</span> <span class='ocrx_word' id='word_1_181' title='bbox 1268 2844 1319 2925; x_wconf 82' lang='lat'>13,</span> <span class='ocrx_word' id='word_1_182' title='bbox 1338 2843 1380 2908; x_wconf 86' lang='lat'>99</span> 
     </span>
    </p>
   </div>
   <div class='ocr_carea' id='block_1_5' title="bbox 163 2945 1378 3037">
    <p class='ocr_par' dir='ltr' id='par_1_5' title="bbox 163 2945 1378 3037">
     <span class='ocr_line' id='line_1_23' title="bbox 163 2945 1378 3037; baseline -0.002 -19"><span class='ocrx_word' id='word_1_183' title='bbox 163 2950 165 2958; x_wconf 52' lang='lat'>‘</span> <span class='ocrx_word' id='word_1_184' title='bbox 279 2947 333 3018; x_wconf 82' lang='grc' dir='ltr'>τὸν</span> <span class='ocrx_word' id='word_1_185' title='bbox 355 2946 437 3037; x_wconf 73' lang='grc' dir='ltr'>ὑπὲρ</span> <span class='ocrx_word' id='word_1_186' title='bbox 460 2948 523 3018; x_wconf 74' lang='grc' dir='ltr'><em>ταῖν</em></span> <span class='ocrx_word' id='word_1_187' title='bbox 547 2946 629 3017; x_wconf 76' lang='grc' dir='ltr'><em>ὅλων</em></span> <span class='ocrx_word' id='word_1_188' title='bbox 654 2945 761 3033; x_wconf 72' lang='grc' dir='ltr'><em>α’χοῖνα</em></span> <span class='ocrx_word' id='word_1_189' title='bbox 783 2951 935 3015; x_wconf 88' lang='lat' dir='ltr'>nominat.</span> <span class='ocrx_word' id='word_1_190' title='bbox 982 2949 1196 3035; x_wconf 82' lang='lat' dir='ltr'>Quapropter,</span> <span class='ocrx_word' id='word_1_191' title='bbox 1222 2960 1255 3016; x_wconf 91' lang='lat' dir='ltr'>ut</span> <span class='ocrx_word' id='word_1_192' title='bbox 1272 2951 1378 3016; x_wconf 86' lang='lat' dir='ltr'>Sohol.</span> 
     </span>
    </p>
   </div>
   <div class='ocr_carea' id='block_1_6' title="bbox 279 3058 1482 3894">
    <p class='ocr_par' dir='ltr' id='par_1_6' title="bbox 279 3058 1482 3572">
     <span class='ocr_line' id='line_1_24' title="bbox 279 3058 1381 3144; baseline 0.002 -22"><span class='ocrx_word' id='word_1_193' title='bbox 279 3059 390 3142; x_wconf 85' lang='lat' dir='ltr'>refert,</span> <span class='ocrx_word' id='word_1_194' title='bbox 416 3059 500 3124; x_wconf 87' lang='lat' dir='ltr'>servi</span> <span class='ocrx_word' id='word_1_195' title='bbox 523 3058 689 3124; x_wconf 78' lang='lat' dir='ltr'>convocati</span> <span class='ocrx_word' id='word_1_196' title='bbox 714 3064 795 3140; x_wconf 89' lang='lat' dir='ltr'>aunt,</span> <span class='ocrx_word' id='word_1_197' title='bbox 825 3065 861 3122; x_wconf 86' lang='lat' dir='ltr'>ut</span> <span class='ocrx_word' id='word_1_198' title='bbox 884 3076 1011 3144; x_wconf 85' lang='lat' dir='ltr'>pugnae</span> <span class='ocrx_word' id='word_1_199' title='bbox 1034 3058 1239 3142; x_wconf 82' lang='lat' dir='ltr'>interessent,</span> <span class='ocrx_word' id='word_1_200' title='bbox 1265 3060 1381 3143; x_wconf 88' lang='lat' dir='ltr'>quique</span> 
     </span>
     <span class='ocr_line' id='line_1_25' title="bbox 280 3165 1381 3252; baseline -0.002 -20"><span class='ocrx_word' id='word_1_201' title='bbox 280 3185 386 3232; x_wconf 89' lang='lat' dir='ltr'>eorum</span> <span class='ocrx_word' id='word_1_202' title='bbox 410 3167 526 3232; x_wconf 87' lang='lat' dir='ltr'>fortem</span> <span class='ocrx_word' id='word_1_203' title='bbox 550 3188 586 3232; x_wconf 90' lang='lat' dir='ltr'>se</span> <span class='ocrx_word' id='word_1_204' title='bbox 611 3172 698 3232; x_wconf 86' lang='lat' dir='ltr'>esset</span> <span class='ocrx_word' id='word_1_205' title='bbox 717 3165 940 3249; x_wconf 88' lang='lat' dir='ltr'>praestiturus,</span> <span class='ocrx_word' id='word_1_206' title='bbox 966 3166 996 3230; x_wconf 88' lang='lat' dir='ltr'>ei</span> <span class='ocrx_word' id='word_1_207' title='bbox 1012 3166 1172 3230; x_wconf 86' lang='lat' dir='ltr'>libertatis</span> <span class='ocrx_word' id='word_1_208' title='bbox 1193 3167 1381 3252; x_wconf 89' lang='lat' dir='ltr'>promissum</span> 
     </span>
     <span class='ocr_line' id='line_1_26' title="bbox 279 3272 1379 3359; baseline 0 -23"><span class='ocrx_word' id='word_1_209' title='bbox 279 3272 386 3348; x_wconf 89' lang='lat' dir='ltr'>fiebat,</span> <span class='ocrx_word' id='word_1_210' title='bbox 411 3275 464 3356; x_wconf 91' lang='lat' dir='ltr'>qui</span> <span class='ocrx_word' id='word_1_211' title='bbox 487 3276 645 3358; x_wconf 81' lang='lat' dir='ltr'>ignavum,</span> <span class='ocrx_word' id='word_1_212' title='bbox 670 3273 701 3338; x_wconf 88' lang='lat' dir='ltr'>ei</span> <span class='ocrx_word' id='word_1_213' title='bbox 723 3273 861 3337; x_wconf 86' lang='lat' dir='ltr'>verbera</span> <span class='ocrx_word' id='word_1_214' title='bbox 883 3273 1088 3338; x_wconf 89' lang='lat' dir='ltr'>imminebant</span> <span class='ocrx_word' id='word_1_215' title='bbox 1111 3279 1166 3338; x_wconf 88' lang='lat' dir='ltr'>aut</span> <span class='ocrx_word' id='word_1_216' title='bbox 1183 3274 1379 3359; x_wconf 84' lang='lat' dir='ltr'>supplicium.</span> 
     </span>
     <span class='ocr_line' id='line_1_27' title="bbox 280 3381 1478 3474; baseline 0.002 -30"><span class='ocrx_word' id='word_1_217' title='bbox 280 3381 394 3462; x_wconf 87' lang='lat' dir='ltr'>Itaque</span> <span class='ocrx_word' id='word_1_218' title='bbox 418 3381 511 3463; x_wconf 78' lang='lat' dir='ltr'>servi,</span> <span class='ocrx_word' id='word_1_219' title='bbox 536 3382 619 3446; x_wconf 86' lang='lat' dir='ltr'>sicut</span> <span class='ocrx_word' id='word_1_220' title='bbox 633 3381 760 3464; x_wconf 85' lang='lat' dir='ltr'>lepores</span> <span class='ocrx_word' id='word_1_221' title='bbox 783 3401 842 3465; x_wconf 91' lang='lat' dir='ltr'>pro</span> <span class='ocrx_word' id='word_1_222' title='bbox 867 3382 1014 3445; x_wconf 84' lang='lat' dir='ltr'>carnibus</span> <span class='ocrx_word' id='word_1_223' title='bbox 1040 3388 1179 3463; x_wconf 74' lang='lat' dir='ltr'>currunt,</span> <span class='ocrx_word' id='word_1_224' title='bbox 1203 3401 1264 3466; x_wconf 89' lang='lat' dir='ltr'>pro</span> <span class='ocrx_word' id='word_1_225' title='bbox 1288 3381 1381 3446; x_wconf 87' lang='lat' dir='ltr'>liber·</span> <span class='ocrx_word' id='word_1_226' title='bbox 1468 3467 1478 3474; x_wconf 83' lang='lat'>.</span> 
     </span>
     <span class='ocr_line' id='line_1_28' title="bbox 281 3475 1482 3572; baseline 0 -19"><span class='ocrx_word' id='word_1_227' title='bbox 281 3494 349 3554; x_wconf 88' lang='lat' dir='ltr'>tate</span> <span class='ocrx_word' id='word_1_228' title='bbox 373 3494 406 3551; x_wconf 89' lang='lat' dir='ltr'>et</span> <span class='ocrx_word' id='word_1_229' title='bbox 428 3487 532 3550; x_wconf 88' lang='lat' dir='ltr'>anima</span> <span class='ocrx_word' id='word_1_230' title='bbox 555 3487 684 3553; x_wconf 84' lang='lat' dir='ltr'>fortiter</span> <span class='ocrx_word' id='word_1_231' title='bbox 707 3508 850 3572; x_wconf 85' lang='lat' dir='ltr'>pugnare</span> <span class='ocrx_word' id='word_1_232' title='bbox 874 3483 1128 3570; x_wconf 59' lang='lat' dir='ltr'>enitebanturi).</span> <span class='ocrx_word' id='word_1_233' title='bbox 1223 3553 1224 3559; x_wconf 68' lang='grc'>,</span> <span class='ocrx_word' id='word_1_234' title='bbox 1478 3475 1482 3480; x_wconf 57' lang='grc'><strong>’</strong></span> 
     </span>
    </p>

    <p class='ocr_par' dir='ltr' id='par_1_7' title="bbox 280 3591 1379 3894">
     <span class='ocr_line' id='line_1_29' title="bbox 369 3591 1377 3678; baseline -0.005 -20"><span class='ocrx_word' id='word_1_235' title='bbox 369 3593 505 3660; x_wconf 86' lang='lat' dir='ltr'>Profero</span> <span class='ocrx_word' id='word_1_236' title='bbox 533 3613 629 3678; x_wconf 88' lang='lat' dir='ltr'>porro</span> <span class='ocrx_word' id='word_1_237' title='bbox 657 3603 723 3659; x_wconf 86' lang='lat' dir='ltr'>tres</span> <span class='ocrx_word' id='word_1_238' title='bbox 752 3596 854 3676; x_wconf 84' lang='lat' dir='ltr'>looos,</span> <span class='ocrx_word' id='word_1_239' title='bbox 890 3596 943 3660; x_wconf 93' lang='lat' dir='ltr'>ubi</span> <span class='ocrx_word' id='word_1_240' title='bbox 977 3597 1053 3676; x_wconf 85' lang='grc' dir='ltr'><em>περῖ</em></span> <span class='ocrx_word' id='word_1_241' title='bbox 1081 3595 1189 3660; x_wconf 83' lang='lat' dir='ltr'>verbis</span> <span class='ocrx_word' id='word_1_242' title='bbox 1218 3591 1377 3659; x_wconf 88' lang='lat' dir='ltr'>metuendi</span> 
     </span>
     <span class='ocr_line' id='line_1_30' title="bbox 281 3697 1378 3787; baseline -0.003 -21"><span class='ocrx_word' id='word_1_243' title='bbox 281 3701 422 3784; x_wconf 86' lang='lat' dir='ltr'>additur,</span> <span class='ocrx_word' id='word_1_244' title='bbox 458 3701 512 3786; x_wconf 91' lang='lat' dir='ltr'>qui</span> <span class='ocrx_word' id='word_1_245' title='bbox 538 3701 688 3784; x_wconf 88' lang='lat' dir='ltr'>loquendi</span> <span class='ocrx_word' id='word_1_246' title='bbox 716 3723 790 3766; x_wconf 90' lang='lat' dir='ltr'>usus</span> <span class='ocrx_word' id='word_1_247' title='bbox 819 3723 1008 3786; x_wconf 87' lang='lat' dir='ltr'>quamquam</span> <span class='ocrx_word' id='word_1_248' title='bbox 1036 3721 1187 3787; x_wconf 84' lang='lat' dir='ltr'>perrarus</span> <span class='ocrx_word' id='word_1_249' title='bbox 1216 3697 1270 3786; x_wconf 85' lang='lat' dir='ltr'>(of.</span> <span class='ocrx_word' id='word_1_250' title='bbox 1294 3698 1378 3763; x_wconf 87' lang='lat' dir='ltr'>Plat.</span> 
     </span>
     <span class='ocr_line' id='line_1_31' title="bbox 280 3805 1379 3894; baseline -0.008 -18"><span class='ocrx_word' id='word_1_251' title='bbox 280 3809 371 3876; x_wconf 90' lang='lat' dir='ltr'>Prot.</span> <span class='ocrx_word' id='word_1_252' title='bbox 390 3808 464 3891; x_wconf 82' lang='lat'><strong>320,</strong></span> <span class='ocrx_word' id='word_1_253' title='bbox 489 3810 529 3873; x_wconf 81' lang='lat' dir='ltr'>A.</span> <span class='ocrx_word' id='word_1_254' title='bbox 545 3809 629 3874; x_wconf 89' lang='lat' dir='ltr'>Xen.</span> <span class='ocrx_word' id='word_1_255' title='bbox 647 3810 707 3872; x_wconf 82' lang='lat' dir='ltr'>An.</span> <span class='ocrx_word' id='word_1_256' title='bbox 725 3807 756 3890; x_wconf 85' lang='lat'>5,</span> <span class='ocrx_word' id='word_1_257' title='bbox 774 3806 804 3890; x_wconf 82' lang='lat'>5,</span> <span class='ocrx_word' id='word_1_258' title='bbox 822 3805 866 3894; x_wconf 80' lang='grc'>7),</span> <span class='ocrx_word' id='word_1_259' title='bbox 891 3821 999 3874; x_wconf 87' lang='lat' dir='ltr'>tamen</span> <span class='ocrx_word' id='word_1_260' title='bbox 1015 3809 1157 3891; x_wconf 85' lang='lat' dir='ltr'>vulgaris</span> <span class='ocrx_word' id='word_1_261' title='bbox 1181 3808 1264 3891; x_wconf 87' lang='lat' dir='ltr'>apnd</span> <span class='ocrx_word' id='word_1_262' title='bbox 1280 3805 1379 3868; x_wconf 82' lang='lat' dir='ltr'>Arist.</span> 
     </span>
    </p>
   </div>
   <div class='ocr_carea' id='block_1_7' title="bbox 281 3911 1380 4109">
    <p class='ocr_par' dir='ltr' id='par_1_8' title="bbox 281 3911 1380 4109">
     <span class='ocr_line' id='line_1_32' title="bbox 281 3911 1380 3996; baseline -0.008 -13"><span class='ocrx_word' id='word_1_263' title='bbox 281 3917 407 3983; x_wconf 87' lang='lat' dir='ltr'>videtur</span> <span class='ocrx_word' id='word_1_264' title='bbox 429 3917 544 3982; x_wconf 82' lang='lat' dir='ltr'>fnisse:</span> <span class='ocrx_word' id='word_1_265' title='bbox 567 3937 641 3980; x_wconf 89' lang='lat' dir='ltr'>nam</span> <span class='ocrx_word' id='word_1_266' title='bbox 665 3915 765 3979; x_wconf 89' lang='lat' dir='ltr'>semel</span> <span class='ocrx_word' id='word_1_267' title='bbox 788 3915 896 3978; x_wconf 84' lang='lat' dir='ltr'>dativo</span> <span class='ocrx_word' id='word_1_268' title='bbox 921 3936 999 3979; x_wconf 83' lang='lat' dir='ltr'>casu</span> <span class='ocrx_word' id='word_1_269' title='bbox 1014 3917 1122 3995; x_wconf 86' lang='lat' dir='ltr'>utitur,</span> <span class='ocrx_word' id='word_1_270' title='bbox 1146 3914 1179 3977; x_wconf 89' lang='lat' dir='ltr'>id</span> <span class='ocrx_word' id='word_1_271' title='bbox 1196 3911 1281 3996; x_wconf 88' lang='lat' dir='ltr'>quod</span> <span class='ocrx_word' id='word_1_272' title='bbox 1297 3911 1380 3975; x_wconf 86' lang='lat' dir='ltr'>infra</span> 
     </span>
     <span class='ocr_line' id='line_1_33' title="bbox 281 4017 1379 4109; baseline -0.007 -19"><span class='ocrx_word' id='word_1_273' title='bbox 281 4026 442 4109; x_wconf 84' lang='lat' dir='ltr'>attingam.</span> <span class='ocrx_word' id='word_1_274' title='bbox 490 4023 562 4089; x_wconf 86' lang='lat' dir='ltr'>Hue</span> <span class='ocrx_word' id='word_1_275' title='bbox 590 4023 750 4108; x_wconf 89' lang='lat' dir='ltr'>pertinent</span> <span class='ocrx_word' id='word_1_276' title='bbox 773 4021 870 4105; x_wconf 87' lang='lat' dir='ltr'>Vesp.</span> <span class='ocrx_word' id='word_1_277' title='bbox 899 4017 1277 4085; x_wconf 57' lang='lat' dir='ltr'>ressuscitatum.</span> <span class='ocrx_word' id='word_1_278' title='bbox 1307 4017 1379 4082; x_wconf 88' lang='grc'><strong>199.</strong></span> 
     </span>
    </p>
   </div>
   <div class='ocr_carea' id='block_1_8' title="bbox 352 4241 1274 4324">
    <p class='ocr_par' dir='ltr' id='par_1_9' title="bbox 352 4241 1274 4324">
     <span class='ocr_line' id='line_1_34' title="bbox 352 4241 1274 4324; baseline -0.005 -15"><span class='ocrx_word' id='word_1_279' title='bbox 352 4253 379 4322; x_wconf 70' lang='lat' dir='ltr'>a)</span> <span class='ocrx_word' id='word_1_280' title='bbox 408 4253 447 4309; x_wconf 78' lang='lat' dir='ltr'>Gi.</span> <span class='ocrx_word' id='word_1_281' title='bbox 466 4253 578 4322; x_wconf 72' lang='lat' dir='ltr'>Berek,</span> <span class='ocrx_word' id='word_1_282' title='bbox 597 4253 638 4308; x_wconf 86' lang='lat' dir='ltr'>De</span> <span class='ocrx_word' id='word_1_283' title='bbox 656 4251 805 4324; x_wconf 83' lang='lat' dir='ltr'>proverbiis</span> <span class='ocrx_word' id='word_1_284' title='bbox 823 4254 874 4306; x_wconf 84' lang='lat' dir='ltr'>eto.</span> <span class='ocrx_word' id='word_1_285' title='bbox 893 4267 937 4322; x_wconf 83' lang='lat' dir='ltr'>sp.</span> <span class='ocrx_word' id='word_1_286' title='bbox 956 4241 1041 4304; x_wconf 68' lang='lat' dir='ltr'>Arist.</span> <span class='ocrx_word' id='word_1_287' title='bbox 1055 4247 1129 4304; x_wconf 81' lang='lat' dir='ltr'>Gom.</span> <span class='ocrx_word' id='word_1_288' title='bbox 1148 4263 1176 4320; x_wconf 89' lang='lat' dir='ltr'>p.</span> <span class='ocrx_word' id='word_1_289' title='bbox 1189 4247 1274 4320; x_wconf 81' lang='lat' dir='ltr'>25sq.</span> 
     </span>
    </p>
   </div>
   <div class='ocr_carea' id='block_1_9' title="bbox 0 0 1581 4984">
    <p class='ocr_par' dir='ltr' id='par_1_10' title="bbox 0 0 1581 4984">
     <span class='ocr_line' id='line_1_35' title="bbox 0 0 1581 4984; baseline 0 0"><span class='ocrx_word' id='word_1_290' title='bbox 0 0 1581 4984; x_wconf 95' lang='lat' dir='ltr'> </span> 
     </span>
    </p>
   </div>
  </div>
 </body>
</html>
