3148 4984
717 532 916 595 ..χ-

193 706 197 712 ⁸
266 727 431 792 tenderint
460 745 498 792 ee
527 747 633 808 cause,
670 728 755 812 qnod
779 727 902 794 Chorus
929 728 960 793 id
990 731 1086 809 dieat,
1122 733 1208 816 quod
1230 740 1365 818 patrum,

265 855 331 900 non
354 855 411 898 sna
435 835 586 900 memoria
609 835 728 899 factum
753 836 802 900 sit.
1360 849 1365 858 ’

356 959 592 1025 Adverbiaiiter
624 967 811 1044 usurpatum
847 967 897 1026 est
930 961 991 1027 hoo
1024 983 1118 1027 unum
1147 962 1198 1049 ἐφ’
1232 959 1367 1051 ἡσυχίας

265 1065 361 1150 Vesp.
391 1065 487 1149 1517,
524 1067 576 1150 qni
606 1087 681 1131 osus
705 1067 790 1152 apud
814 1070 895 1134 alios
920 1069 1093 1153 scriptores
1116 1091 1178 1135 non
1203 1079 1267 1136 tam
1290 1094 1365 1137 raro

263 1175 433 1253 invenitur,
459 1181 495 1238 ut
517 1171 570 1240 ἐπὶ
594 1168 718 1260 πολλῆς
741 1167 876 1259 ἡσυχίας
898 1176 1073 1242 Demosth.‘
1090 1178 1138 1260 13,
1157 1179 1186 1242 8.
1217 1177 1271 1244 ἐπὶ
1295 1198 1366 1261 σχο·
1475 1242 1477 1255 ,

263 1277 323 1367 λῆς
346 1281 497 1345 Aeschin.
533 1281 620 1347 Otes.
651 1283 670 1359 ξ
699 1281 769 1346 191.
808 1280 858 1348 ἐπ’
889 1276 998 1357 α’δείας
1027 1285 1111 1350 Plut.
1138 1285 1204 1350 Sol.
1230 1285 1281 1349 22.

356 1405 511 1483 Quoniam
537 1407 576 1470 de
601 1407 840 1492 praepositione
869 1405 926 1473 ἐπί
947 1431 1016 1474 oum
1044 1412 1192 1491 genetivo
1217 1412 1367 1496 copulata
1438 1403 1440 1408 ’

266 1512 341 1594 dixi,
367 1513 524 1578 disseram
548 1515 588 1578 de
612 1514 720 1579 dativo
746 1534 831 1598 casu,
857 1535 990 1599 quonum
1015 1519 1142 1602 saepius
1165 1509 1365 1603 praepositio

232 1617 234 1622 ’
267 1619 479 1703 coniungitur.
539 1623 587 1685 Δο
610 1621 743 1706 primurn
769 1623 808 1686 de
836 1623 931 1687 locali
959 1630 1122 1708 potestate
1145 1645 1247 1710 panea
1271 1645 1365 1710 expo-

264 1736 388 1810 nantur,
426 1747 508 1811 quae
542 1728 626 1791 haud
662 1728 756 1793 dubie
781 1731 966 1814 principalis
996 1738 1055 1796 est.
1106 1725 1183 1797 Ἐπί
1209 1733 1366 1818 particula

265 1835 372 1900 dativo
397 1835 507 1900 addita
531 1836 666 1921 proinde
695 1856 733 1901 ao
763 1836 912 1918 genetivo
943 1839 1092 1923 apposita
1116 1839 1275 1923 significat
1297 1858 1365 1904 rem

265 1942 443 2026 impositam
468 1943 554 2027 apud
577 1944 676 2008 verba
693 1943 888 2027 quiescendi.
927 1945 1047 2011 Eadem
1072 1945 1280 2012 feneratione
1304 1945 1365 2014 hoe

266 2048 335 2113 fieri
358 2049 417 2115 hae
440 2051 680 2136 comparatione
704 2051 851 2117 docetur:

310 2191 369 2275 qu.
395 2191 460 2256 754
484 2187 559 2259 ὅταν
583 2193 612 2260 δ’
637 2191 690 2260 ἐπι
714 2196 841 2284 ταυτησί
864 2194 1005 2282 καθῆται
1027 2192 1081 2283 τῆς
1104 2198 1229 2281 πέτρας.

306 2299 355 2363 Pl.
381 2299 446 2364 382
471 2294 537 2385 ὁρῶ
558 2299 616 2366 τιν’
641 2299 694 2366 ἐπὶ
717 2301 774 2367 τοῦ
795 2295 936 2387 βήματος
959 2296 1213 2385 καθεδούμενον.

308 2407 368 2490 leq.
395 2406 457 2469 771
483 2405 536 2473 ἐπὶ
558 2407 686 2498 ταυτησὶ
710 2404 768 2491 (se.
793 2405 848 2496 τῆς
870 2405 1037 2499 τραπέζης)
1061 2411 1325 2500 κατακνησθείην.

308 2515 390 2578 Ran.
415 2513 478 2578 928
503 2513 554 2581 ἐπ’
580 2509 725 2580 ἀσπίδων
748 2510 883 2588 ἐπόντας
906 2518 1108 2602 χροπαέτοος.

306 2623 367 2684 Av.
392 2621 435 2683 40
459 2619 512 2686 ἐπὶ
535 2621 597 2688 των
619 2621 746 2708 κραδῶν
768 2618 891 2710 ᾄδουσι.

306 2728 365 2792 Th.
391 2729 456 2792 693
480 2727 534 2795 ἐπὶ
557 2726 619 2795 τάν
640 2733 766 2820 μηρίων
789 2729 910 2820 πληγὲν
932 2734 1075 2819 μαχαίρᾳ
1098 2729 1181 2818 τῇδε.

306 2836 395 2901 Eeel.
421 2835 486 2899 222
509 2834 563 2903 ἐπὶ
585 2836 640 2924 τῆς
662 2836 805 2924 κεφαλῆς
829 2841 992 2923 φέρουσιν.

306 2943 389 3008 Nub.
415 2943 480 3009 218
505 2941 558 3010 ἐπὶ
581 2943 637 3030 τῆς
658 2939 844 3031 κρεμάθρας
867 2939 958 3032 άνήρ.

307 3139 367 3223 Eq.
394 3139 457 3205 783
480 3138 534 3208 ἐπὶ
556 3150 639 3206 ταῖσι
663 3143 857 3226 πέτραις...
882 3137 1080 3228 καθήμενον.

309 3247 382 3332 Lys.
410 3247 494 3310 1140
517 3251 670 3326 καθέζετο
694 3245 747 3313 ἐπὶ
770 3256 852 3314 τοῖσι
874 3255 1004 3334 βωμοῖς.

308 3357 387 3420 Aah.
416 3353 499 3418 1158
523 3352 577 3421 ἐπὶ
599 3358 735 3443 τραπέζη
758 3358 899 3445 κειμένη.

308 3462 396 3526 noel.
422 3460 486 3526 903
510 3460 564 3528 ἐπὶ
587 3469 653 3535 τοῖς
674 3456 790 3549 μήλοις
812 3461 961 3529 ἐπανθεῖ.

308 3571 367 3634 Av.
393 3567 457 3632 238
481 3567 535 3634 ἐπὶ
557 3568 670 3635 κισσοῦ
692 3565 821 3636 κλάδεσι
844 3563 944 3653 νόμον
967 3566 1042 3650 ἔχει.

307 3677 350 3742 11).
378 3675 462 3739 1232
485 3677 707 3764 μηλοσφαγεῖν
729 3699 761 3743 τε
783 3671 958 3762 βουθύτοις
980 3674 1030 3742 ἐπ’
1055 3669 1212 3761 ἐσχάραις.

307 3781 387 3847 Βαα.
414 3783 443 3846 9.
468 3782 619 3850 τοσοῦτον
642 3780 748 3866 ἄχθος
772 3782 821 3852 ἐπ’
846 3782 971 3871 ἐμαυτῷ
994 3786 1113 3869 φέρων.

308 3891 387 3955 Aah.
413 3888 478 3953 510
501 3888 555 3958 ἐπὶ
580 3885 729 3979 Ταινάρῳ
753 3886 841 3966 θεός.

265 3999 272 4006 ”
353 4013 416 4081 Sed
440 4016 522 4082 haee
544 4018 669 4082 minime
692 4017 851 4082 decedunt
874 4017 914 4082 ab
937 4015 987 4098 iis,
1012 4033 1093 4098 qnae
1117 4012 1251 4095 legimus
1275 4013 1360 4098 apud

264 4122 345 4188 alios
369 4124 554 4208 scriptores,
578 4124 730 4209 imprimis
753 4130 875 4210 poetas.
923 4120 1079 4188 Conferas
1102 4120 1197 4185 haee:

353 4263 446 4329 Hom.
476 4271 513 4346 A,
534 4264 599 4329 536
626 4265 770 4346 andeis&
806 4263 860 4332 ἐπὶ
893 4258 1032 4349 θρόνοις
1072 4269 1111 4345 N,
1140 4261 1181 4326 13
1213 4244 1289 4348 ἧστο
1312 4259 1364 4327 ἐπ’
