3148 4984
704 503 926 570 ..30-

257 707 388 786 poetam
412 701 681 787 praepositionem
706 701 983 786 compositionum
1007 687 1086 789 πρός
1109 703 1214 768 verbis
1242 703 1362 768 addere

257 809 415 890 libenter,
451 808 483 874 id
513 809 598 892 quod
626 815 798 894 praeterea
825 808 915 873 rides
942 808 1024 874 Nub.
1057 808 1120 874 163
1146 815 1362 894 προσκεῖσθαι

258 912 341 1000 πρῦς
365 911 464 1002 στενά
487 924 521 980 et
542 916 586 980 ib.
605 915 691 979 1010
713 911 768 982 τάν
790 915 868 983 νοῦν
890 921 1062 1002 προσέχειν
1083 912 1165 1002 πρός
1184 941 1255 999 τινι,
1280 937 1362 1002 qnae

254 1024 350 1090 dictio
379 1030 431 1090 est
466 1023 706 1089 inusitatissima
732 1045 792 1111 pro
820 1020 874 1090 τὸν
900 1021 979 1092 νοῦν
1006 1028 1179 1108 προσέχειν
1211 1027 1276 1091 τινί
1308 1025 1360 1090 vel

253 1127 308 1198 νῦν
330 1129 408 1198 νοῦν
436 1127 522 1213 ἔχειν
549 1124 631 1216 πρός
657 1155 734 1215 τινι;
774 1131 815 1196 cf.
842 1132 928 1196 infra
950 1132 1009 1197 Th.
1034 1131 1098 1195 291
1123 1127 1204 1218 πρός
1230 1157 1260 1198 τι
1282 1131 1362 1200 νοῦν

255 1237 343 1320 ἔχειν
379 1239 433 1304 καὶ
468 1241 589 1324 φρένας
624 1245 658 1303 et
693 1238 772 1305 Pac.
799 1237 863 1302 174
885 1232 1023 1322 πρόσεχε
1044 1235 1101 1305 τάν
1123 1239 1203 1306 νοῦν
1225 1234 1269 1314 οῦς
1291 1238 1358 1324 ε’μέ.

253 1346 394 1412 Maxime
446 1367 498 1426 ea,
548 1344 590 1409 ad
634 1366 716 1429 quae
770 1346 905 1411 adicitur
957 1346 1091 1428 aliquid,
1146 1347 1362 1430 significentur

253 1454 385 1519 vocibus
423 1449 504 1539 πρὸς
539 1447 662 1528 τούτοις
695 1453 755 1536 Eq.
785 1451 867 1532 541,
896 1451 972 1518 815.
1013 1452 1095 1520 Nub.
1127 1451 1226 1536 1022,
1266 1453 1361 1520 1219.

253 1560 355 1646 Vesp.
377 1560 453 1641 686,
477 1558 551 1626 776.
581 1561 640 1623 Av.
661 1558 755 1624 1109.
784 1559 844 1624 Th.
862 1559 936 1624 816.
966 1561 1047 1626 Rau.
1067 1558 1140 1642 152,
1162 1557 1237 1641 553,
1260 1560 1357 1626 1194.

253 1667 342 1733 ΕαοΙ.
373 1667 468 1732 1116.
505 1667 554 1732 Pl.
584 1664 661 1732 540.
696 1667 773 1750 Frg.
810 1664 885 1731 495.
921 1663 1001 1752 πρὸς
1034 1668 1141 1733 τοῖσδε
1170 1667 1251 1734 th.
1284 1667 1359 1734 914.

253 1771 333 1857 πρὸς
355 1769 453 1862 τούτῳ
477 1774 535 1839 Th.
562 1772 636 1838 668.
686 1773 809 1840 Contra
832 1775 913 1840 Rau.
939 1774 1002 1838 697
1032 1769 1113 1858 πρός
1139 1775 1170 1838 in
1200 1776 1360 1842 locutione

254 1879 337 1965 πρὸς
363 1879 400 1948 δὲ
423 1876 545 1955 τούτοις
569 1890 629 1946 eto.
653 1887 688 1946 ut
715 1881 899 1946 adverbium
922 1889 1107 1967 usurpatum
1130 1890 1190 1946 est.
1241 1883 1358 1948 Kockii

255 1989 450 2054 sententiam
485 1989 676 2074 amplector,
713 1989 766 2072 qui
799 1989 1009 2075 parenthesin
1038 2009 1186 2054 versuum
1225 1988 1290 2054 695
1328 1998 1360 2056 et

254 2096 319 2161 696
350 2116 423 2162 esse
455 2097 642 2176 arbitratur,
678 2102 754 2179 post
788 2116 883 2179 quem
916 2103 1015 2180 poete
1051 2097 1146 2160 aliter
1179 2099 1360 2181 perrexerit

253 2211 350 2288 etque
373 2205 458 2270 inv.
483 2202 548 2268 693
572 2204 740 2289 inceperit.
788 2201 840 2268 Sic
868 2205 952 2268 enim
979 2203 1119 2268 fortasse
1151 2203 1301 2285 dixisset,
1332 2206 1360 2270 si

252 2313 520 2378 constructionem
544 2317 722 2376 seruasset:
756 2305 880 2384 τούτοις
903 2314 957 2392 δέ,
987 2307 1021 2377 οἳ
1042 2305 1240 2398 προσήκουσι
1264 2315 1358 2394 γένει,

254 2413 312 2504 τήν
333 2421 412 2502 μίαν
433 2415 550 2509 ταύτην
571 2415 617 2505 μή
641 2427 794 2504 παρεῖναι
810 2415 978 2503 ξυμφοράν
993 2419 1204 2502 αἰτουμένοις.
1243 2417 1360 2484 Dicere

255 2526 337 2590 enim
366 2533 465 2610 poeta
487 2527 571 2606 vult,
599 2526 685 2591 haud
714 2525 862 2591 decorum
891 2546 977 2607 esse,
1009 2527 1094 2590 cives
1123 2527 1163 2591 de
1192 2526 1360 2610 republica

252 2633 335 2697 bene
357 2633 488 2698 merit-os
514 2640 650 2717 propter
673 2632 756 2696 levia
771 2639 907 2717 peecata
928 2632 1100 2698 crudeliter
1122 2634 1264 2715 tractari,
1290 2653 1359 2699 cum

252 2741 377 2806 interea
393 2739 487 2822 servi,
513 2740 566 2822 qui
583 2739 682 2804 semel
698 2741 920 2824 pugnaverint,
936 2740 1120 2804 libertatem
1137 2741 1359 2824 civitatemque

252 2855 476 2932 assequantur;
514 2847 600 2912 servi
625 2848 707 2912 enim
729 2847 801 2911 istis
825 2847 901 2911 viris
930 2854 1141 2931 opponuntur,
1166 2848 1230 2932 qui,
1255 2869 1358 2931 quum-

252 2976 345 3038 quam
369 2975 467 3040 saepe
489 2961 670 3041 pugnarunt
698 2974 758 3040 pro
786 2956 912 3038 patrie,
949 2961 1055 3018 tamen
1083 2955 1255 3020 honoribus
1285 2962 1359 3020 suut

251 3062 380 3148 privati.
428 3063 505 3128 Oum
528 3062 685 3146 Berglero
709 3067 814 3126 utrum
844 3062 1077 3146 distinguemus
1105 3057 1187 3145 πρῦς
1209 3059 1257 3143 δὲ,
1287 3057 1357 3128 τού-

252 3192 318 3243 τοις
341 3188 443 3233 οεοοε
467 3170 546 3234 nihil
568 3169 678 3234 refert.
999 3177 1003 3186 '

338 3277 484 3360 Denique
505 3296 567 3342 non
590 3285 760 3362 praetereo
784 3276 862 3342 Ach.
879 3277 964 3342 1183
977 3280 1105 3344 πίπτειν
1118 3272 1198 3361 πρός
1213 3283 1280 3350 ταῖς
1299 3280 1353 3343 πέ-

250 3387 353 3470 τραισι
382 3383 520 3465 „cadere
555 3386 587 3451 iu
623 3383 732 3466 sexa“‚
760 3393 805 3450 ut
835 3385 929 3450 Hom.
966 3408 993 3465 ε,
1022 3382 1087 3448 415
1115 3378 1247 3468 βάλλειν
1281 3384 1355 3450 ποτὶ

251 3496 347 3580 πέτρῃ
354 3516 362 3574 ;
386 3517 419 3581 η,
436 3490 511 3555 279.
535 3486 666 3576 βάλλειν
686 3492 760 3558 ποτὶ
783 3494 855 3581 γαίῃ
872 3493 902 3572 λ,
919 3489 997 3556 423.
1031 3493 1070 3572 Α,
1088 3489 1164 3556 245.
1181 3525 1224 3536 -
1240 3493 1356 3558 Aesch.

252 3601 358 3665 Prom.
384 3598 427 3663 56
452 3595 633 3666 πασσάλευε
663 3595 743 3681 πρὸς
771 3603 910 3684 πέτραις.
959 3598 1082 3663 Deinde
1105 3599 1164 3662 Th.
1188 3598 1254 3662 543
1278 3594 1357 3682 πρὸς

257 3703 295 3794 τῇ
317 3703 443 3794 κεφαλῇ
465 3708 562 3780 λίθος
584 3706 646 3789 „ad
670 3703 787 3791 ceput“
811 3707 831 3770 i.
857 3726 885 3771 e.
910 3707 989 3789 „sub
1015 3707 1121 3792 capite
1144 3705 1259 3790 lepis“.

342 3811 534 3900 Saepissime
558 3814 637 3878 heco
661 3815 856 3900 praepositio
886 3835 955 3879 cum
979 3813 1161 3878 accusativo
1185 3812 1353 3877 coniuncte

251 3922 426 4006 invenitnr3
461 3922 516 3986 sed
552 3923 735 4008 priusquam
765 3921 805 3985 de
834 3941 893 3985 usu
916 3922 1034 4002 dicam,
1067 3940 1171 4004 pauca
1195 3919 1235 3984 de
1259 3921 1356 4003 parti·

253 4030 344 4094 culae
383 4029 486 4092 forma
529 4030 674 4094 videntur
714 4029 960 4114 praemittenda.
1025 4027 1159 4091 Praeter
1193 4028 1356 4110 vulgarem

252 4135 386 4200 formam
402 4137 626 4201 Acharneusce
650 4143 701 4201 ter
725 4143 758 4200 et
779 4135 960 4220 Lysistrata
983 4134 1084 4199 octies
1107 4133 1240 4199 sormam
1263 4135 1356 4199 Dori·

252 4263 323 4310 cam
365 4245 440 4308 noni
472 4243 644 4328 praebent,
686 4262 767 4326 qnae
803 4244 989 4327 plerumque
1023 4260 1189 4327 apocopen
1223 4243 1354 4327 patitur.
