3148 4984
710 521 932 589 ..64-

274 715 399 801 (manus
428 714 512 801 mea)
536 727 570 784 et
595 725 631 784 tu
654 714 761 802 (nates
784 714 874 803 tuae)
909 719 1051 786 volumus
1088 723 1208 789 lascire
1232 725 1375 793 ludere“.

275 825 433 891 Decorum
466 845 516 891 me
551 832 640 890 vetat
674 827 778 892 locum
812 826 955 910 pluribus
997 828 1168 913 explicare.
1228 832 1377 900 Ceterum

273 939 360 998 totus
383 932 473 998 locus
497 940 665 1017 corruptus
689 952 761 998 esse
785 940 908 1018 potest3
937 936 1079 1000 nonnulli
1108 937 1168 1002 boc
1190 948 1314 1025 putant,
1343 950 1379 1008 ut

272 1038 430 1122 Dindorf„
467 1041 520 1123 qui
544 1041 642 1106 verba
672 1061 691 1104 a
720 1041 818 1125 φίλον
842 1061 942 1124 usque
971 1042 1012 1106 ad
1040 1041 1143 1134 πυγῆς
1165 1067 1228 1112 non
1250 1051 1378 1134 integra

271 1148 378 1212 habet.
436 1146 578 1214 Verbum
606 1149 833 1237 πληκτίζεσθαι
867 1149 963 1214 etiam
997 1149 1092 1216 Hom.
1121 1153 1153 1218 in
1180 1153 1217 1218 Il.
1245 1161 1285 1239 Φ,
1311 1156 1376 1222 499

271 1255 485 1341 usurpatori
512 1274 603 1337 quem
631 1254 734 1318 locum
758 1255 904 1320 Eustath.
930 1256 1022 1338 dicit,
1052 1260 1281 1349 πληκτίζεσθαι
1304 1283 1377 1330 esse

269 1357 435 1445 μάχεσθαι
470 1362 521 1426 vel
556 1359 670 1446 ἐρίζειν
704 1358 765 1434 ἕως
806 1361 939 1454 πληγῆς.
1002 1364 1125 1430 Vocem
1164 1369 1246 1435 banc
1281 1373 1377 1438 etiam

271 1491 398 1534 sensum
421 1469 570 1535 vocabuli
585 1469 690 1532 Latini
714 1469 907 1550 „lascivire“
932 1472 1052 1537 habere
1076 1473 1183 1540 elucet
1205 1497 1245 1542 ex
1268 1477 1375 1544 Strab.

273 1577 324 1658 11,
348 1599 379 1660 p.
404 1575 470 1642 512
493 1571 650 1642 πινόντων
674 1571 740 1660 ἅμα
762 1578 816 1643 καὶ
841 1579 1080 1669 πληκτιζομέων
1107 1578 1189 1669 πρὸς
1218 1578 1377 1672 ἀλλήλους

272 1678 338 1767 ἅμα
361 1708 393 1750 τε
416 1680 546 1757 καὶτὰς
570 1682 789 1767 σομπινοάσας
812 1693 972 1769 γυναῖκας.

365 1790 438 1857 Non
472 1792 556 1857 idem
591 1812 666 1856 usus
702 1800 766 1873 est,
802 1813 871 1859 eum
905 1795 1145 1880 praepositione
1179 1805 1276 1882 poeta
1309 1801 1376 1865 vult

270 1899 399 1983 planum
431 1900 548 1980 facere,
588 1900 707 1982 aliquid
743 1902 772 1966 ei
795 1900 964 1966 advenisse
987 1904 1157 1986 quodiam
1180 1907 1283 1988 adest,
1320 1908 1373 1972 ubi

272 2007 509 2072 coniunctiones
545 2008 747 2092 copulativae
783 2011 838 2074 καί
860 2043 902 2054 -
925 2010 980 2074 καί
1014 2017 1069 2090 „et
1091 2045 1135 2056 —
1159 2020 1200 2094 et,
1237 2033 1306 2078 oum
1331 2049 1372 2061 -

272 2112 371 2196 tum“‚
406 2115 482 2199 poni
516 2122 660 2200 possunt.
719 2115 772 2182 Sic
805 2116 939 2198 legimus
972 2115 1055 2181 Nub.
1087 2117 1171 2184 1450
1204 2116 1371 2204 ἐμβάλλειν

272 2218 385 2287 ἑαυτὸν
411 2221 445 2296 ἐς
470 2218 640 2309 βάραθρον
668 2220 747 2306 μετά
770 2219 957 2310 Σωκράτους
985 2230 1039 2307 „et
1062 2246 1097 2290 se
1121 2227 1237 2291 inicere
1261 2233 1293 2290 et
1316 2223 1369 2290 So·

273 2327 424 2393 cratem“.
471 2330 573 2412 Vesp.
601 2330 685 2395 1037
710 2335 810 2422 φησίν
833 2355 866 2398 τε
885 2334 951 2415 μετ’
975 2324 1110 2418 caroffi)
1139 2343 1203 2408 τοῖς
1222 2327 1371 2421 ἠπιάλοις

271 2433 474 2522 ἐπιχειρῆσαι
505 2446 655 2523 „praeter
677 2441 762 2505 illum
787 2461 823 2504 se
846 2460 1035 2523 aggressum
1052 2461 1124 2505 esse
1141 2444 1221 2508 dicit
1236 2439 1374 2508 febres“.

271 2541 313 2606 ib.
356 2540 438 2604 1057
463 2538 633 2628 ἐσβάλλετέ
651 2547 676 2612 τ’
702 2548 747 2619 εἰς
769 2543 823 2620 τάς
848 2543 1000 2630 κιβωτοιλς
1021 2543 1099 2629 μενά
1122 2545 1184 2612 τάν
1207 2545 1321 2634 μήλων
1344 2574 1373 2602 :

271 2648 323 2714 καλ
358 2644 394 2712 τά
428 2646 525 2734 μῆλα.
594 2653 674 2716 Ran.
715 2652 800 2714 1513
842 2646 956 2722 αὐτοὺς
993 2651 1059 2733 μετ’
1099 2645 1298 2731 Ἀδειμάντου
1333 2699 1374 2715 ..

270 2751 456 2840 ἀποπέμψω
485 2775 564 2837 „eos
587 2777 650 2820 nna
674 2775 743 2820 oum
767 2758 807 2819 A.
840 2755 1026 2817 dimittam“.
1078 2755 1126 2818 cf.
1164 2755 1240 2817 Pac.
1278 2754 1374 2820 1110.

271 2863 320 2928 Pl.
348 2861 421 2926 891.
467 2862 607 2941 Quorum
628 2864 770 2928 locorum
793 2861 974 2945 proprietas
999 2860 1031 2923 in
1056 2857 1265 2942 secernitur,
1290 2862 1375 2942 quod

271 2972 469 3058 praepositio
504 2966 584 3054 μετά
618 2979 652 3035 et
679 2969 868 3034 vocabulum
897 2985 1028 3032 cumea
1052 2966 1231 3052 copulatum
1256 2967 1373 3033 obiecti

271 3086 396 3163 partem
432 3100 466 3144 se
503 3079 663 3160 exhibent,
698 3076 824 3142 utiam
852 3075 959 3139 elucet
988 3094 1028 3139 ex
1052 3074 1142 3138 Pind.
1167 3074 1218 3139 01.
1246 3076 1295 3159 11,
1320 3075 1373 3142 49.

272 3186 355 3252 εισι.
384 3186 466 3273 nep.
495 3185 555 3267 rx,
586 3183 661 3267 591,
686 3184 724 3250 s.
747 3183 886 3248 enasor.
911 3180 985 3265 aas,
1015 3182 1052 3248 n.

362 3309 454 3375 Haec
477 3311 572 3376 habui
597 3329 679 3393 quae
704 3309 744 3374 de
759 3309 907 3392 genetivo
924 3327 1000 3372 casu
1017 3309 1217 3374 dissererem.
1242 3307 1375 3373 ⁷Deinde

274 3418 422 3499 dativum,
448 3438 540 3500 quem
565 3437 661 3503 supra
683 3417 733 3482 bis
758 3423 886 3482 exstare
909 3415 982 3496 dixi,
1004 3415 1095 3480 rides
1115 3416 1174 3480 Au.
1193 3412 1256 3478 251
1278 3413 1374 3481 ποτά-

273 3531 354 3594 σθαι
377 3526 442 3610 μεν
470 3519 658 3591 ἀλκυόνεσσι
683 3532 715 3590 et
738 3521 923 3609 Lyss1283
950 3518 1029 3605 μετὰ
1051 3515 1198 3588 Μαινάσι
1221 3517 1375 3604 Βάκχιος,

276 3636 389 3719 quibus
424 3652 464 3697 ex
498 3632 576 3696 locis
608 3632 750 3714 vulgaris
785 3637 952 3717 poetarum
980 3651 1056 3697 usus
1086 3632 1291 3713 cognoscitur
1320 3627 1374 3712 (cf.

275 3743 369 3808 Hom.
404 3745 440 3822 E,
471 3737 513 3804 86
548 3733 586 3825 ἠὲ
621 3735 700 3822 μετά
738 3733 901 3824 Τρώεσσιν
936 3731 1060 3822 ὁμιλέοι
1088 3719 1110 3824 ἦ
1136 3737 1203 3821 μετ’
1233 3730 1375 3819 Ἀχαιοῖς.

273 3855 311 3931 Δ,
337 3847 400 3912 341
429 3843 508 3931 μὲτοὶ
537 3839 710 3932 πρώτοισιν
736 3840 853 3918 ἐόντας.
889 3849 929 3926 Ω,
955 3845 1019 3912 258
1050 3841 1085 3920 ὃς
1112 3841 1193 3917 θεὸς
1217 3841 1288 3909 ἔσκε
1309 3843 1374 3927 μετ’

346 4097 374 4164 ³⁴)
402 4096 503 4151 Bentl.:
530 4095 587 4167 μετ’
615 4091 709 4158 ου’τόν,
739 4107 833 4147 sensus
861 4095 951 4145 autem
970 4093 1060 4162 aptius
1079 4090 1237 4161 exprimitur
1255 4077 1377 4159 genetivo

279 4203 344 4242 casu
363 4203 443 4257 quam
462 4187 617 4240 accusativo
637 4186 728 4257 („post
746 4180 914 4250 Oleonem“);
934 4182 1046 4250 accedit,
1067 4180 1139 4256 quod
1158 4180 1203 4237 hio
1221 4195 1286 4234 usus
1305 4179 1377 4256 opud

276 4277 361 4335 Arist.
382 4293 506 4352 perrarus
525 4281 574 4345 est,
594 4279 624 4334 nt·
641 4276 712 4333 infra
730 4273 932 4351 explicabimus.
953 4302 986 4314 -·
