3148 4984
712 541 933 606 ..18-

272 735 438 824 proposita
454 735 649 822 designatur.
696 735 788 801 Haec
803 736 918 801 habes:
944 735 1023 801 Ach.
1043 733 1107 799 722
1123 729 1175 820 ἒφῖ
1193 718 1260 822 ᾧτε,
1286 735 1370 800 idem

271 845 331 910 'llu
358 845 452 910 1162.
482 845 531 910 Pl.
560 843 653 924 1000,
681 841 781 925 1041;
811 844 938 929 saepius
963 837 1017 910 ἐπὶ
1039 835 1162 913 τούτοις
1187 842 1247 924 Eq.
1274 840 1369 905 1384.

270 951 346 1018 Pac.
373 951 446 1018 706.
463 951 544 1017 Rau.
563 949 638 1015 589.
656 952 716 1014 Av.
734 948 874 1014 445.P1.
894 949 989 1013 1168.
1007 943 1061 1015 ἐπὶ
1077 952 1183 1015 τοῖσδε
1197 949 1258 1012 Av.
1274 946 1369 1014 1002.

261 1053 323 1144 ’ἐφ’
361 1051 445 1125 οἶσιν
476 1058 550 1144 Lys.
586 1055 662 1122 251.
717 1057 893 1123 Addendus
922 1063 972 1120 est
998 1077 1077 1121 unus
1101 1057 1202 1136 locus,
1239 1055 1290 1138 qui
1319 1075 1370 1120 ex-

270 1165 443 1249 plicatione
478 1173 568 1248 eget:
604 1165 664 1248 Eq.
695 1163 757 1227 707
793 1157 848 1229 ἐπὶ
882 1159 926 1249 τῷ
952 1158 1072 1249 »φάγοις
1099 1158 1199 1250 ἥδισί
1225 1157 1281 1242 ὄις
1316 1156 1371 1230 ἐπὶ

270 1274 462 1360 βαλλαντίῳ;
500 1269 554 1337 Sic
588 1271 725 1337 codices.
765 1269 868 1335 Kock.
902 1270 1005 1334 locum
1040 1271 1128 1334 ducit
1162 1270 1372 1353 depravatum

270 1387 456 1465 propterea,
498 1379 583 1461 quod
611 1373 736 1444 ἐσθίειν
763 1371 820 1444 ἐπί
845 1401 907 1444 τινι
931 1377 992 1440 dici
1016 1377 1080 1442 non
1102 1377 1215 1462 possit.
1267 1376 1372 1440 Affert

270 1487 449 1571 exemplum
477 1483 646 1571 διαβιῶναι
680 1471 738 1552 ἐπὶ
763 1486 924 1568 γογγυλίσι
951 1479 1054 1551 πάντα
1076 1480 1130 1549 τὸν
1152 1477 1272 1569 χρόνον
1294 1483 1370 1548 Ath.

274 1592 324 1672 10,
355 1592 420 1656 419
472 1614 555 1674 „von
601 1593 715 1657 Riiben
760 1589 864 1674 leben,
888 1599 890 1610 ’
911 1591 964 1655 bei
1003 1590 1117 1656 Rirben
1155 1593 1223 1654 sein
1262 1589 1373 1654 Leben

270 1697 497 1784 hinbriugen“:
528 1700 585 1764 sed
610 1693 740 1777 Ιἐσθίειν
766 1693 823 1764 ἐπὶ
852 1699 1011 1781 γογγυλίσι
1039 1719 1058 1762 a
1087 1697 1223 1762 Graecis
1254 1698 1372 1762 dictum

271 1825 344 1871 esse
371 1813 483 1890 negat;
521 1827 619 1890 quare
649 1807 759 1872 scribit
790 1800 844 1872 ἐπὶ
876 1804 920 1891 τῷ
954 1801 1067 1888 φαγών
1102 1799 1202 1891 idcir
1239 1800 1293 1888 ὄις
1334 1828 1369 1856 =

271 1915 439 1995 „wordber
477 1915 586 1978 wirrde
622 1934 658 1978 er
693 1914 761 1978 sich
796 1912 880 1977 wohl
907 1911 1029 1988 freueu,
1065 1931 1158 1976 wenn
1194 1932 1230 1976 er
1264 1931 1299 1975 es
1334 1931 1373 1974 zu

272 2039 366 2084 essen
404 2019 578 2085 bellime‘i“
616 2023 672 2100 ita,
717 2029 752 2085 ut
790 2014 930 2107 ἥδεσθαι
970 2013 1026 2084 ἐπί
1061 2042 1123 2083 τινι
1159 2025 1372 2083 construatur.

270 2127 391 2210 Bergk.
426 2129 458 2191 iu
491 2129 592 2213 praei.
629 2128 703 2192 Vol.
737 2127 763 2210 I,
798 2148 830 2212 p.
854 2127 936 2190 XVI
958 2113 1029 2209 vpro
1064 2120 1164 2212 ἥδιστ’
1192 2122 1232 2191 ἄν
1259 2126 1375 2192 conicit

271 2229 365 2320 γήιεί
395 2231 436 2301 ἅν
467 2231 511 2318 (h.
543 2257 570 2300 e.
596 2236 722 2320 species
745 2234 835 2316 allii),
866 2236 923 2298 sed
946 2235 1037 2297 nimis
1061 2235 1185 2298 recedit
1208 2235 1374 2316 evulgari

271 2341 419 2406 lectione.
477 2341 550 2407 Non
584 2343 707 2425 malum,
745 2342 829 2425 quod
859 2343 988 2427 scripsit
1018 2340 1131 2420 Kock.,
1169 2341 1244 2405 mihi
1268 2348 1374 2405 autem

271 2449 395 2513 videtur
419 2469 482 2513 non
506 2469 586 2532 opus
611 2469 683 2514 esse
706 2450 859 2514 librorum
883 2450 1052 2514 lectionem
1074 2456 1208 2512 mutare.
1248 2447 1372 2513 Schol:

272 2549 339 2620 doci
366 2551 424 2621 τοῦ
452 2557 555 2621 εἰπεῖν
583 2550 634 2620 ἐπ’
665 2551 778 2636 ίχθίσι
806 2552 922 2642 φάγοις
949 2551 1001 2636 ἄν,
1031 2547 1101 2620 οἷον
1128 2552 1211 2637 perci
1236 2550 1372 2636 ἰχθύων.

271 2656 293 2748 ἢ
316 2656 384 2727 α’ντὶ
398 2658 456 2728 τοῦ
476 2664 579 2728 εἰπεῖν
601 2657 655 2727 ἐπὶ
675 2666 830 2750 τραπεζίῳ
851 2659 973 2746 πικροῖς
994 2650 1084 2728 εἶπεν
1104 2657 1159 2727 ἐπὶ
1182 2663 1369 2750 βαλλαντίῳ.

271 2767 325 2834 ἵνα
349 2765 485 2858 διαβάλῃ
510 2765 552 2842 οίς
574 2771 712 2859 nterim
734 2770 788 2835 καὶ
810 2766 872 2835 τῶν
896 2771 1061 2858 δημοσίων
1083 2764 1247 2853 ἅρπαγα.“
1294 2772 1373 2837 Loci

273 2879 433 2942 sententia
466 2885 555 2941 recte
592 2898 611 2940 a
640 2874 746 2942 Schol.
776 2897 930 2961 expressa
958 2884 1017 2959 est,
1054 2877 1147 2940 ctiam
1175 2878 1370 2962 benedixit,

274 2977 332 3049 ἐπί
355 3003 427 3048 esse
450 2977 527 3067 μετά
551 2992 584 3049 et
608 2977 776 3070 ἕπὶβαλλ.
800 3003 860 3068 pro
884 2978 938 3049 ἐπὶ
961 2988 1106 3074 τραπέζῃ.
1145 2987 1191 3050 At
1206 3005 1269 3056 non
1284 2989 1370 3070 vidit,

274 3084 332 3156 ἐπί
353 3098 488 3174 utroque
511 3093 582 3157 loco
608 3092 763 3178 duplicem
789 3092 1052 3174 significationem
1076 3093 1204 3176 habere,
1229 3095 1261 3160 id
1286 3097 1371 3180 quod

275 3199 369 3262 etiam
392 3199 443 3262 cb'
458 3200 633 3265 editoribus
656 3221 719 3264 non
743 3200 823 3264 satis
847 3201 1027 3284 respicitur.
1080 3200 1174 3264 Haud
1200 3202 1294 3268 dubie
1317 3197 1371 3268 ἐπί

278 3329 340 3371 τινι
356 3314 473 3391 φαγεῖν
482 3308 590 3372 valere
599 3314 747 3392 possunt:
775 3308 893 3390 „edere
905 3329 1000 3392 super
1010 3310 1153 3391 aliquare
1165 3305 1371 3395 (mensa)“,l)

277 3414 366 3477 velut
388 3413 497 3496 Bergl.
524 3417 635 3480 vertit:
659 3435 777 3499 „super
802 3435 936 3498 quanam
960 3436 996 3479 re
1013 3416 1126 3480 ederes
1142 3415 1373 3484 libentissime?

273 3541 313 3584 an
339 3541 436 3605 super
458 3520 648 3586 crumena?“
684 3523 747 3588 Sed
763 3524 824 3586 iam
842 3523 978 3587 Oasaub.
997 3521 1120 3586 addidit
1134 3521 1229 3588 haec:
1257 3525 1370 3605 „sigui-

271 3628 347 3692 ficat
371 3647 410 3691 ea
434 3648 496 3693 vox
519 3629 729 3694 adiectionem
749 3631 879 3695 alicuius
895 3630 1018 3696 obsonii
1036 3631 1075 3694 ad
1093 3627 1238 3713 panem“.
1278 3629 1369 3704 Quod

272 3735 408 3800 Brunclr.
445 3735 640 3800 confirmavit
667 3736 715 3800 his
744 3738 867 3801 verbis:
902 3732 981 3816 „e'rri
1003 3737 1052 3800 hic
1076 3735 1233 3819 significat
1255 3729 1368 3813 „cum“
1502 3816 1507 3829 ε

274 3851 307 3907 et
329 3844 471 3926 iungitur
494 3844 604 3923 circi,
630 3864 710 3926 quae
733 3851 863 3927 praetor
887 3843 1050 3907 obsonium
1075 3850 1131 3905 aut
1154 3839 1276 3902 obsonii
1295 3838 1368 3902 loco
1559 3857 1560 3916 ι

275 3950 316 4013 ad
350 3950 540 4015 vescendum
576 3949 700 4015 dutur“.
760 3952 808 4016 Of.
839 3969 935 4034 supra
960 3949 1038 4012 Pac.
1064 3947 1125 4009 123
1150 3953 1182 4006 et
1205 3944 1245 4008 al.
1304 3943 1368 4008 Sed
1480 3952 1487 4036 ῥ’
1548 3988 1555 4131 Ι

1449 4209 1453 4222 ,
1550 4142 1555 4207 l

346 4249 371 4318 i)
399 4251 435 4306 Et
454 4269 535 4322 super
553 4270 645 4306 mensa
658 4252 735 4305 edere
750 4249 891 4314 iudicitur,
912 4249 959 4318 qui
971 4247 1066 4302 sedens
1080 4245 1114 4300 sd
1127 4261 1245 4300 mensum
1257 4247 1320 4302 edit.
1336 4278 1368 4286 -
1431 4229 1449 4396 ζ’

1360 4647 1381 4745 ,ί
