3148 4984
649 515 871 580 ...10-

211 711 398 797 trygoedos,
434 712 467 774 in
496 713 660 796 trygoedis
693 711 885 797 reperitur“,
931 713 1007 778 Pae.
1043 714 1126 780 1085
1155 710 1224 783 οὐδ’
1258 711 1310 782 ἐπὶ

210 818 255 906 τρῖ
277 821 457 900 πραχθέντι
486 814 632 905 ποιήσεις
660 815 792 905 ὕστερον
819 813 916 886 οὐδέν
945 839 1027 901 „non
1055 829 1170 906 postea
1194 824 1312 887 faotum

211 927 355 1012 (proprie
392 926 452 1006 „de
486 925 610 1009 faeto“)
647 927 781 990 mutabis
810 925 958 1010 aliquid.“
1012 928 1070 992 Th.
1100 928 1165 992 328
1193 933 1314 1015 χρυσέα

210 1056 243 1098 τε
288 1027 426 1117 φόρμιγξ
468 1027 619 1120 α’χήσειεν
660 1027 711 1099 ἐπ’
757 1027 867 1114 εὐχαῖς
904 1029 1070 1120 ἡμετέραις
1115 1042 1228 1115 „sonet
1271 1037 1312 1100 ad

212 1147 340 1204 nostras
362 1140 524 1223 ’ροσοοοέ6
584 1141 664 1206 Ran.
701 1139 765 1204 679
800 1134 852 1225 ἐφ’
889 1125 929 1206 ori
967 1138 1008 1228 dri
1042 1144 1182 1224 χείλεσιν
1215 1136 1312 1226 α’μῳι-

210 1244 321 1321 λάλοις
361 1243 470 1314 δεινόν
514 1242 755 1332 ἓπιβρέμεται*)
798 1251 920 1337 Θρῃκία
952 1245 1090 1330 χελιδών
1134 1253 1241 1330 „ouius
1280 1252 1312 1312 in

210 1357 312 1426 labris
340 1355 478 1420 Thracia
505 1354 638 1420 hirundo
672 1355 807 1419 iremit“.
866 1356 914 1419 lb.
954 1355 1038 1421 1046
1067 1351 1135 1423 αλλ’
1172 1352 1226 1423 ἐπὶ
1262 1361 1313 1424 σοί

210 1487 259 1530 τοι
293 1463 346 1529 καὶ
378 1472 444 1536 τοῖς
478 1469 582 1528 σοῖσιν
615 1458 721 1549 πολλή
757 1462 882 1528 πολλοῦ
918 1458 1100 1551 ’πικαθῆτο,
1136 1466 1189 1548 qui
1223 1465 1313 1530 loeus

211 1573 274 1636 iam
302 1570 462 1635 diffieilior
491 1570 631 1652 videtur;
667 1590 740 1632 nam
774 1572 873 1635 verbo
902 1577 994 1636 tenus
1027 1572 1073 1636 sio
1100 1572 1312 1655 intellegitur:

214 1680 265 1760 „in
300 1685 333 1742 te
372 1684 405 1742 et
443 1677 507 1742 tuis
547 1671 742 1761 magnopere
774 1678 892 1743 insedit
931 1674 1171 1763 (Aphrodite)“.
1211 1680 1314 1745 Recte

211 1807 260 1850 me
294 1785 499 1869 interpretari
534 1791 612 1868 puto
647 1785 706 1848 hoo
742 1785 850 1849 modo:
897 1785 974 1864 „tibi
1015 1788 1140 1869 tuisque
1180 1787 1314 1851 maxime

212 1913 246 1958 se
277 1891 424 1976 praebuit
446 1891 619 1976 propitiam
643 1887 889 1978 (Aphrodite)“;
927 1892 1048 1957 ironice
1078 1893 1204 1976 quidem
1233 1895 1315 1960 haee

212 2001 358 2066 dicuutur
382 1999 422 2062 ab
440 1997 597 2082 Aesohylo
623 1999 664 2062 ad
681 1998 866 2082 Euripidem
890 2018 1056 2086 converso.
1104 2002 1133 2064 A
1158 2022 1221 2084 quo
1241 2001 1314 2068 loeo

210 2130 274 2174 non
297 2107 426 2172 multum
450 2105 599 2170 differunt
623 2125 706 2188 quae
729 2113 900 2170 ooourrunt
923 2105 970 2168 Pl.
1000 2104 1076 2170 185:

370 2212 518 2299 κρατοῦσι
542 2211 619 2295 γοῦν
641 2205 702 2278 κᾶν
724 2219 790 2285 τοῖς
812 2213 966 2295 πολέμοις
989 2206 1134 2280 ἑκάστοτε

371 2315 423 2405 ἐφ’
450 2312 498 2393 οἷς
522 2315 562 2387 ἂν
586 2303 678 2394 οὗτος
702 2313 932 2410 ἐπικαθέζηται
955 2315 1078 2404 μόνον

214 2430 363 2508 „vincunt
396 2431 429 2491 in
466 2429 558 2492 bellis
596 2447 721 2512 semper
755 2429 790 2508 ii,
834 2448 930 2512 super
965 2429 1077 2512 quibus
1111 2429 1199 2494 hisee
1228 2429 1314 2494 solus

214 2533 354 2598 sederit“
380 2533 409 2595 h.
428 2553 456 2597 e.
484 2557 523 2614 „a
548 2537 659 2617 quibus
684 2535 840 2599 steterit.“
878 2535 959 2598 Nam
981 2537 1026 2599 sio
1043 2535 1155 2599 Latine
1180 2532 1314 2614 ‚sedere‘

213 2649 245 2706 et
263 2639 440 2722 ,sessitare‘
457 2648 636 2723 usurpatur,
654 2650 688 2704 ut
704 2641 764 2704 hoo
781 2641 856 2704 loeo
869 2643 1000 2705 verbum
1017 2637 1093 2724 [ἐπι]
1114 2644 1315 2718 καθέζεσθαι
1438 2687 1440 2694 ,

213 2755 246 2812 et
269 2746 424 2830 aeoipitur
452 2767 471 2809 a
499 2747 598 2828 libra,
634 2765 715 2829 quae
742 2746 934 2828 inaequabili
965 2766 1005 2810 ex
1036 2747 1178 2830 pondere
1208 2747 1314 2828 vergit

212 2857 244 2920 in
285 2854 417 2918 alteram
454 2860 588 2937 partem.
658 2854 708 2918 De
746 2873 807 2935 quo
842 2852 964 2916 Sabat:
1007 2845 1093 2933 „o'rrd
1130 2849 1315 2936 μεταφορᾶς

212 2960 274 3028 τῶν
297 2957 631 3044 ζνγαῖν·καθε’ζοσθαι
652 2956 709 3045 γὰρ
733 2956 767 3026 τὸ
789 2956 911 3045 βαροῦν
933 2958 1089 3043 iere-roffi·
1136 2959 1314 3027 Kuesterus

212 3069 378 3133 annotavit
401 3068 517 3132 Tibuli.
543 3067 572 3147 4,
593 3067 620 3148 1,
638 3066 680 3130 41
706 3087 753 3150 sq.
779 3065 888 3152 (earm.
914 3067 955 3132 ad
979 3061 1109 3150 Mese.):

257 3176 347 3239 Iusta
370 3176 441 3258 pari
464 3176 618 3259 premitur
642 3176 738 3240 veluti
763 3195 855 3258 quam
879 3174 1021 3258 pondere
1044 3175 1135 3256 libra,

256 3282 364 3346 Prona
387 3302 448 3346 neo
470 3282 531 3347 hao
554 3284 625 3368 plus
649 3291 743 3368 parte
767 3283 879 3348 sedet
902 3293 961 3348 neo
986 3282 1090 3366 surgit
1113 3283 1153 3345 ab
1177 3283 1242 3345 iila.

302 3389 411 3452 Pauoa
447 3388 582 3472 denique
619 3390 754 3455 dicenda
789 3391 935 3454 videntur
963 3390 1003 3454 de
1033 3391 1095 3454 aiio
1131 3410 1189 3454 usu
1218 3395 1315 3454 meta·

215 3496 348 3582 phorieo
372 3494 525 3575 doloris,
551 3497 664 3578 quibus
689 3491 746 3562 ἐπί
766 3498 896 3562 notione
921 3497 1059 3560 addendi
1084 3502 1116 3561 et
1137 3496 1316 3561 cumulandi
1433 3483 1437 3490 ¹

214 3602 394 3689 praeditum
419 3609 564 3687 apparet.
623 3605 670 3668 Ao
705 3605 840 3689 primum
875 3603 1111 3668 animadvertas
1139 3622 1235 3688 pares
1263 3621 1316 3666 res

214 3707 270 3777 ἐπί
292 3709 530 3794 praepositione
546 3710 628 3774 inter
645 3730 680 3774 se
697 3711 855 3792 coniungi.
903 3711 978 3776 Huo
997 3712 1158 3794 pertinent
1174 3709 1234 3792 Eq.
1251 3708 1313 3774 411

214 3813 349 3905 tritonia
376 3808 564 3897 sordidiora,
597 3810 654 3890 οὓς
681 3812 786 3883 πολλοὶ
815 3811 855 3902 dri
886 3815 934 3882 ’πὶ
962 3816 1096 3890 πολλοῖς
1123 3811 1315 3902 ἥνεσχόμην,

215 3933 250 3990 ut
266 3926 360 3990 Hom.
378 3948 404 4006 y,
426 3922 489 3986 113
505 3917 589 3990 ἄλλα
603 3944 637 3989 τε
652 3918 744 3990 πόλλ’
768 3920 823 3990 ἐπὶ
838 3931 904 3996 τοῖς
919 3919 1072 4007 πάθομεν
1088 3917 1178 3988 κακά.
1214 3922 1315 4006 Vesp.
1369 3939 1372 3946 ’

286 4081 312 4149 i)
340 4082 455 4136 Videtur
473 4081 598 4138 adamare
616 4086 705 4153 poeta,
725 4095 784 4134 oum
803 4075 848 4133 ἐπί
865 4081 1015 4151 composita
1032 4081 1115 4135 verba
1134 4079 1220 4133 eidem
1238 4095 1317 4150 pras·

216 4169 343 4242 positioni
377 4171 550 4242 coniungere,
588 4171 623 4226 ei.
652 4172 736 4242 Vesp.
765 4169 825 4226 754.
856 4167 925 4224 Rau.
955 4166 1014 4234 928,
1044 4167 1121 4222 1046.
1152 4167 1227 4222 ideal.
1256 4167 1316 4222 903.

215 4258 257 4313 Pl.
279 4256 337 4325 185,
358 4256 418 4313 996,
437 4285 472 4297 -·
