3148 4984
736 480 959 546 ..33-

300 677 399 744 habet
422 677 531 762 „quod
555 677 671 744 attinet
693 675 756 744 ad“
781 683 814 743 et
838 679 1028 744 vernaculae
1051 678 1214 744 locutioni
1244 685 1453 770 respondet

209 779 211 786 '
301 786 357 868 „iu
379 785 564 870 Beniehung
586 782 673 852 aui‘.
712 785 764 852 lta
786 786 901 852 relatio
922 787 963 852 ad
986 785 1106 870 aliquid
1129 786 1370 869 significatur
1396 792 1450 858 hie

298 893 393 958 loeis:
428 889 510 978 πρός
542 887 646 959 πάντα
682 888 880 984 συκοφάντης
914 893 994 959 Aah.
1019 891 1093 958 951.
1129 889 1223 979 πρὸς
1255 899 1449 966 πολιτείαν

300 994 427 1067 ἅπαντα
460 998 544 1082 ἔχεις
571 1001 631 1085 Ερ.
651 999 720 1102 219
758 996 812 1084 (ef.
838 1001 913 1068 Eur.
939 1001 994 1068 Or.
1019 999 1083 1066 427
1119 996 1156 1067 τὰ
1194 1000 1298 1088 πρὸς
1337 1001 1446 1073 πόλιν

301 1104 370 1180 πῶς
393 1103 501 1192 ἔχεις).
530 1107 599 1182 πῶς
628 1103 687 1174 οὖν
709 1103 791 1192 πρὸς
813 1105 869 1192 ἐμὲ
891 1107 974 1175 ταῦτ’
999 1105 1097 1190 ε’στίν,·
1131 1109 1193 1192 llq.
1225 1110 1306 1175 202
1337 1136 1444 1198 „quo-

298 1215 393 1280 modo
427 1215 469 1280 ad
496 1237 546 1280 me
576 1216 656 1280 haee
678 1216 856 1282 attinent‘i“
892 1211 1006 1281 δεινῶν
1036 1218 1076 1284 δέ
1100 1235 1151 1284 σοι
1177 1215 1441 1306 βουλευμάτων

299 1318 384 1393 ἔοικε
418 1325 487 1388 δεῖν
520 1318 602 1408 πρὸς
636 1315 734 1390 αὐτόν
767 1322 849 1390 Nub.
878 1322 971 1386 1034.
1018 1324 1102 1389 τουτὶ
1135 1320 1198 1407 μὲν
1240 1321 1358 1394 οὐδέν
1383 1356 1438 1396 πω

298 1425 380 1514 πρὸς
414 1426 491 1520 ἕνην
518 1453 551 1497 τε
584 1430 638 1496 καὶ
661 1434 738 1497 νέαν
761 1430 844 1495 Nub.
872 1430 967 1496 1188.
1017 1433 1087 1496 τίνα
1112 1425 1213 1512 λόγον
1247 1427 1324 1520 ἄρα
1351 1433 1436 1504 ποτὲ

297 1532 378 1621 πρὸς
411 1534 467 1620 ἐμὲ
501 1538 599 1623 φίλον
633 1535 733 1619 ἔχωνς
767 1539 827 1602 Αν.
853 1537 927 1601 315.
963 1531 1045 1604 α’λλοὶ
1073 1533 1154 1622 πρός
1180 1536 1251 1622 μὲν
1279 1523 1350 1610 οὖν
1374 1539 1432 1610 τόν

298 1639 389 1728 ὄρνιν
416 1628 494 1730 ἧμιν
517 1639 645 1729 ὕστερος
667 1637 762 1727 λόγος
785 1645 864 1728 „sed
893 1647 981 1730 quod
1004 1646 1119 1712 attinet
1142 1646 1182 1710 ud
1207 1647 1305 1714 hanc
1332 1671 1428 1716 avem

299 1747 354 1834 (de
381 1750 440 1816 hae
468 1747 541 1834 ave)
570 1759 686 1837 postea
717 1749 852 1837 agetur“
877 1754 936 1818 Av.
961 1752 1035 1817 336.
1059 1747 1222 1840 χρήσιμον
1249 1754 1345 1843 πρὸς
1369 1753 1424 1824 τόν

296 1859 368 1944 βίον
391 1857 440 1923 Pl.
465 1857 541 1922 831.
576 1854 613 1924 ’τό
649 1855 817 1945 τριβώνιον
852 1857 888 1926 δὲ
914 1862 945 1925 τί
967 1855 1099 1926 δύναται
1122 1855 1202 1945 πρὸς
1226 1857 1290 1929 τὸν
1318 1860 1420 1949 &edm

296 1966 339 2029 ib.
366 1963 430 2028 842
470 1966 568 2050 „illud
604 1973 709 2030 autem
745 1965 876 2051 pallium
910 1966 986 2050 quid
1019 1969 1160 2052 pertinet
1191 1965 1238 2034 ad
1272 1971 1418 2038 deum?“

296 2071 379 2136 Nam
402 2073 433 2140 τί
455 2069 587 2140 δύναται
612 2080 663 2138 eet
688 2074 785 2158 „quid
810 2074 870 2138 eibi
894 2075 975 2155 vult,
1005 2074 1079 2157 quid
1104 2073 1194 2156 fauit,
1228 2077 1414 2162 pertinet“,

297 2180 384 2247 velut
418 2181 515 2246 Thue.
546 2181 582 2263 6,
608 2181 650 2246 36
685 2182 720 2248 αἱ
757 2174 899 2264 α’γγελίαι
933 2177 1024 2246 τοῦτο
1061 2174 1212 2246 δύνανται
1243 2185 1266 2253 i.
1295 2207 1326 2253 e.
1354 2209 1412 2272 „en

296 2289 458 2374 pertinent
485 2290 537 2355 vel
566 2287 747 2375 spectent“.
808 2288 909 2367 Quam
932 2287 973 2352 ad
996 2307 1105 2352 vocem
1130 2287 1326 2374 adiungitur
1351 2295 1410 2361 inei
1520 2315 1522 2327 ³

297 2415 393 2460 cauea
422 2403 454 2460 et
482 2385 651 2480 εἰρωνικῶς
678 2397 813 2461 formula
841 2393 922 2482 πρὸς
948 2390 1125 2477 τὸνθεόν,
1153 2403 1188 2460 ut
1211 2397 1314 2468 homo
1340 2403 1408 2466 irri·

296 2501 424 2585 dentur,
467 2506 520 2586 qui
560 2506 623 2568 iem
658 2511 708 2570 ter
742 2505 791 2568 his
826 2505 934 2569 verbis
969 2509 1065 2568 antea
1099 2523 1174 2568 uere
1210 2506 1265 2571 eit.
1333 2508 1404 2573 Vid.

296 2609 518 2674 Hemeterhue
543 2611 637 2674 adh.
662 2612 683 2675 l.
730 2611 851 2675 Eadem
874 2611 1000 2676 ratione
1024 2612 1209 2690 saepissime
1233 2613 1302 2699 legi
1322 2612 1403 2700 πρὸς

294 2715 391 2783 ταῦτα
430 2719 537 2800 „quod
559 2719 618 2782 *ad
656 2718 737 2782 haee
777 2718 923 2800 attinet“,
966 2715 1184 2810 ,‚propterea“
1224 2719 1288 2804 Eq.
1332 2721 1399 2787 760.

293 2823 375 2889 Nub.
401 2824 475 2908 990,
505 2824 598 2890 1433.
624 2825 725 2909 Vesp.
751 2825 825 2909 648,
844 2825 918 2908 793,
937 2823 1011 2906 927,
1034 2823 1127 2891 1386.
1153 2824 1227 2889 Pae.
1256 2828 1310 2913 70,
1330 2827 1399 2907 416,

296 2932 369 3017 765,
396 2933 491 2997 1315.
516 2934 596 2998 Ran.
625 2932 697 2996 117.
724 2934 811 2999 ΕοοΙ.
836 2932 911 3016 486,
935 2930 1126 3013 851,114Ο.
1166 2931 1298 3001 Pariter
1322 2931 1397 3020 πρός

293 3034 368 3106 τάδε
401 3041 479 3106 Pae.
504 3041 578 3106 305.
614 3037 694 3125 πρὸς
722 3044 766 3126 τίς
803 3041 862 3125 Elq.
887 3040 963 3105 206.
992 3039 1068 3104 Ραο.
1094 3037 1145 3103 45.
1198 3040 1394 3128 Frequenter

294 3149 521 3215 adverbialiter
538 3150 633 3214 ·dieit
668 3150 768 3214 Arist.
806 3145 887 3235 πρὸς
920 3151 995 3236 βίαν
1019 3142 1064 3230 (2
1089 3143 1214 3232 βιαίως)
1239 3152 1322 3218 Aah.
1348 3147 1387 3215 73.

295 3256 394 3341 Veep.
419 3256 498 3339 443,
536 3255 630 3321 1080.
678 3258 752 3341 Lyn.
780 3257 852 3322 163.
876 3255 957 3322 Ran.
985 3254 1191 3320 145719οοί.
1216 3255 1294 3341 467,
1321 3255 1392 3332 471;

293 3364 333 3429 ef.
357 3365 475 3429 Aeseh.
499 3363 590 3427 Eum.
615 3363 646 3430 5.
677 3360 758 3449 πρὸς
781 3358 877 3450 ὀργήν
900 3364 982 3429 Ran.
1007 3362 1085 3445 856,
1117 3361 1196 3446 998;
1233 3367 1274 3430 ef.
1301 3363 1392 3450 Soph.

293 3471 342 3537 El.
368 3471 443 3536 361.
467 3466 548 3556 πρὸς
571 3469 636 3537 πᾶν
659 3473 718 3554 Elq.
744 3469 824 3555 3985
861 3470 900 3536 ef.
929 3466 1010 3558 πρὸς
1032 3465 1135 3537 πάντα
1158 3470 1241 3536 Xen.
1267 3471 1339 3558 Oyr.
1363 3469 1390 3549 3,

293 3579 328 3662 3,
358 3579 401 3643 20
436 3587 469 3644 et
502 3578 596 3644 haee:
633 3574 716 3666 πρὸς
747 3571 887 3669 ανάγκην
920 3579 1039 3645 Aeseh.
1073 3579 1167 3643 Pers.
1203 3577 1279 3645 561.
1314 3571 1392 3662 πρὸς

292 3681 394 3774 diaria
433 3683 559 3771 Suppl·
585 3684 659 3750 812.
701 3680 782 3770 πρὸς
818 3679 912 3771 χάριν
955 3685 1053 3773 Soph.
1098 3687 1173 3750 Ant.
1216 3686 1268 3751 30.
1314 3679 1391 3768 πρός

291 3790 330 3861 ταί
351 3797 481 3878 με’γιοτα
505 3795 628 3860 Herod.
654 3793 684 3876 8,
711 3792 763 3858 20.
810 3793 888 3858 Turn
913 3794 997 3880 apud
1014 3795 1114 3858 Arist.
1139 3793 1199 3876 Eq.
1224 3791 1290 3858 564
1313 3785 1389 3876 πρός

292 3897 327 3968 τό
361 3896 532 3989 παρεστός,
562 3897 645 3986 quae
676 3901 795 3966 locutio
825 3885 895 3966 lere
927 3902 1114 3966 vocabulum
1152 3899 1292 3983 ‚‚nune“'
1312 3917 1387 3964 eom·

291 4009 451 4095 plectitur,
487 4011 562 4094 quie
593 4006 630 4076 τα
666 4006 849 4093 παρεστῶτα
884 4029 923 4074 ea
959 4009 1068 4074 valent
1095 4029 1176 4092 quae
1205 4028 1288 4074 nune
1310 4007 1386 4071 eunt.

291 4116 380 4184 Eeel.
410 4115 471 4181 751
503 4110 601 4184 οὐδὲν
628 4113 709 4203 πρὸς·
736 4113 813 4190 ἔπος
843 4116 952 4198 „nieht
974 4137 1029 4180 zur
1053 4115 1157 4182 Saehe
1181 4109 1332 4201 gehdrig“
1357 4132 1383 4166 =
1421 4125 1436 4140 ““

293 4245 363 4308 „um
379 4224 483 4292 niehts
500 4225 565 4291 und
580 4225 679 4291 wider
694 4221 822 4290 niehte“
836 4220 1024 4310 („nihilo“);
1048 4223 1088 4289 ef.
1107 4223 1182 4290 Lue.
1201 4223 1340 4306 Philope.
1359 4216 1384 4278 1·
