3148 4984
703 478 924 544 ..26...

771 675 846 756 52.

747 841 872 901 noce

267 971 271 978 ’
301 937 311 1052 'f
350 959 453 1024 Venio
476 979 558 1024 nunc
581 960 622 1024 ad
647 961 917 1047 praepositionem
941 955 1030 1046 πρός,
1048 962 1273 1028 cohaerentem
1290 983 1359 1028 cum

205 1137 207 1142 ,
260 1068 418 1150 particula
445 1061 517 1150 πρό.
563 1067 726 1132 Kuehner.
755 1067 797 1151 ΙΙ,
821 1065 885 1132 305
915 1088 985 1152 sqq.
1034 1069 1185 1134 Schmidt.
1216 1070 1259 1136 64
1290 1091 1359 1154 sqq.

259 1173 376 1239 Exstat
400 1176 484 1260 apud
500 1175 599 1239 Arist.
618 1176 789 1240 trecenties
813 1176 921 1240 tricies
944 1176 1056 1261 semel;
1081 1177 1177 1260 lunge
1194 1177 1359 1242 maximum

263 1281 404 1347 locorum
428 1303 590 1346 numerum
613 1284 749 1366 praebet
772 1283 982 1348 accusativus.

347 1425 394 1492 Ut
416 1424 537 1495 initium
562 1426 677 1490 faciam
700 1447 719 1490 a
743 1425 902 1508 genetivo,
927 1447 1018 1508 quem
1036 1413 1270 1512 praepositioni¹
1285 1427 1359 1493 duo·

261 1525 456 1616 desexagies
492 1532 672 1619 copulatum
706 1533 825 1613 inveni,
861 1533 1014 1618 primaria
1048 1535 1136 1599 notio
1171 1533 1284 1606 localis
1319 1551 1360 1598 ex

258 1627 408 1726 duattuor
431 1648 552 1706 tantum
575 1641 656 1706 loeis
680 1640 846 1704 evidenter
864 1641 1076 1722 cognoscitur,
1103 1641 1214 1725 quibus
1231 1661 1284 1706 res
1307 1641 1358 1706 de·

259 1748 515 1832 signatur,.cuius
533 1769 552 1812 a
569 1755 661 1834 parte
683 1747 799 1830 aliquid
818 1749 991 1830 egreditur.
1025 1748 1162 1812 Primum
1180 1749 1358 1834 exemplum

254 1842 347 1920 ‘vides
372 1855 471 1939 Vesp.
501 1855 582 1918 1221
608 1858 698 1933 ξένος
719 1878 766 1927 πς
788 1851 893 1940 ἕτερος
916 1851 1161 1952 πρὸςικεφαλῆς
1175 1849 1356 1941 Ἀκέστορος,

228 1963 307 2026 ¹oui
341 1964 403 2026 iam
437 1961 572 2027 alterum
607 1963 750 2026 addimus
784 1963 826 2026 ib.
856 1961 940 2025 1236
970 1966 1100 2048 Θέωρος
1133 1957 1213 2048 πρὸς
1247 1961 1359 2029 ποδῶν

256 2072 494 2152 κατακείμενοςε
529 2068 624 2133 aliter
659 2069 776 2133 dietum
810 2076 861 2134 est
887 2064 926 2135 ud
953 2066 1035 2153 πρὸς
1062 2066 1186 2153 ποδοῖν,
1224 2069 1263 2135 de
1295 2091 1357 2154 quo

256 2178 349 2242 infra.
396 2177 532 2262 Proprie
555 2175 750 2242 transfertur
772 2176 863 2241 illud:
901 2177 1040 2262 „hospes
1069 2178 1183 2262 aliquis
1207 2199 1226 2242 a
1251 2161 1368 2264 capite¹

256 2284 444 2350 Acestoris“
469 2286 522 2350 vel
548 2285 610 2366 „ad
634 2292 730 2370 capnt
754 2303 865 2349 versus
881 2283 953 2365 A.“,
979 2283 1012 2348 id
1036 2283 1121 2368 quod
1137 2285 1247 2350 eadem
1271 2285 1357 2350 notio

257 2400 316 2474 est,
349 2399 522 2478 conspecta
551 2393 713 2458 contraria
741 2411 781 2457 ex
809 2398 916 2477 parte,
954 2413 1018 2475 qua
1045 2413 1086 2456 ex
1115 2392 1240 2456 ratione
1268 2392 1357 2458 notio

257 2507 329 2566 orta
353 2507 404 2564 est
427 2500 591 2583 proximae
612 2500 765 2566 viciniae:
788 2501 871 2584 apud
894 2519 953 2564 nos
978 2500 1108 2565 dicimus
1134 2521 1189 2580 „nu
1206 2497 1357 2584 H‘aupten

192 2671 195 2680 ,
248 2605 449 2690 jemaudes“.
505 2607 598 2673 Alter
631 2609 721 2674 locus
757 2608 886 2672 exhibet
921 2607 1092 2671 dictionem
1129 2601 1211 2691 πρὸς
1231 2607 1356 2686 ποδοῖν

254 2716 399 2799 κείμενος
433 2733 473 2795 ,a
507 2714 663 2800 pedibus“
693 2716 746 2780 vel
777 2715 839 2796 „ad
873 2713 974 2798 pedes
1009 2711 1144 2778 versus“
1165 2713 1203 2776 'h.
1233 2733 1261 2779 e.
1290 2711 1351 2795 „ad

254 2823 355 2908 pedes
400 2819 622 2904 occumbend‘,
664 2823 770 2888 Germ.
817 2841 877 2900 „nu
922 2816 1075 2886 Eirssen‘t
1146 2817 1352 2885 Consentiunt

254 2930 452 3012 grammatici
488 2950 597 2995 omnes
631 2951 694 2994 una
721 2936 836 3010 mente,
872 2921 954 3012 πρός
985 2933 1155 3008 cognatum
1191 2947 1263 2992 esse
1290 2920 1353 3012 πρό

253 3037 501 3123 praepositioni,
528 3058 590 3120 qua
613 3037 701 3102 locus
725 3037 898 3118 indicetur,
924 3041 1114 3118 antequem
1138 3035 1213 3119 quid
1238 3037 1279 3100 sit
1302 3033 1354 3098 vel

253 3143 320 3216 fiat.
371 3142 479 3221 Quare
505 3145 639 3227 legimus
668 3143 752 3229 apud
780 3143 864 3210 Xen.
888 3142 949 3207 An.
974 3141 1004 3225 4,
1023 3142 1053 3224 6,
1073 3141 1113 3204 12
1137 3137 1201 3228 πρὸ
1229 3140 1349 3224 ποδοῖν,

252 3250 345 3316 Piud.
376 3250 425 3315 01.
463 3250 492 3322 t,
521 3251 561 3316 13
590 3248 653 3338 πρδ
679 3245 796 3332 ποδός,
832 3252 881 3316 uui
915 3234 1067 3336 comparo
1101 3248 1178 3313 illud
1219 3249 1354 3314 Homeri

252 3351 400 3442 πρόσθεν
420 3352 520 3431 ποδός
540 3354 599 3443 (Ψ,
617 3357 695 3444 877)
720 3366 753 3424 et
773 3359 851 3423 illud
874 3352 1103 3442 προπάροιθεν
1119 3354 1230 3421 ποδῶν
1247 3374 1351 3439 „quae

252 3471 326 3530 aute
349 3463 460 3550 pedes,
486 3485 567 3548 quae
590 3466 736 3550 proxima
760 3462 865 3532 sunt.“
910 3465 1023 3547 Itaque
1046 3463 1091 3544 fit,
1109 3465 1155 3526 'ut
1178 3455 1260 3547 πρός
1282 3483 1353 3547 par·

251 3572 350 3637 ticula
373 3592 596 3655 nonnunquam
619 3572 702 3638 idern
727 3573 936 3659 exprimatur:
973 3578 1113 3636 attamen
1137 3568 1203 3633 noli
1226 3576 1351 3654 putare,

250 3680 345 3765 plane
369 3679 452 3743 illius
480 3686 675 3764 potestatem
704 3681 785 3745 hauc
815 3678 1039 3764 assumpsisse,
1078 3675 1134 3740 sed
1163 3678 1294 3762 propria
1321 3676 1353 3739 vi

250 3794 300 3850 est
314 3786 472 3872 praedita,
497 3786 543 3851 ita
557 3793 593 3851 ut
608 3787 794 3872 plerumque
810 3786 893 3851 illius
910 3785 1071 3850 notionem
1087 3784 1180 3848 modo
1199 3783 1349 3866 attingat,

249 3893 282 3959 id
311 3893 395 3976 quod
424 3894 519 3962 etiam
549 3895 776 3979 comprobatur
809 3893 870 3957 hoc
904 3892 976 3957 loco
1012 3911 1053 3956 ex
1075 3892 1136 3955 Au.
1161 3888 1203 3953 66
1232 3890 1350 3975 petito:

250 3996 288 4066 τοὶ
311 3997 391 4086 πρὸς
405 3999 526 4067 Ιποδοῖν
549 3995 634 4084 ἐροῦ.
691 3999 741 4064 Ex
764 4000 824 4064 hoc
852 4019 911 4064 usn
939 3998 1053 4085 opinor
1075 3996 1255 4085 profectum
1279 4015 1351 4062 esse

251 4108 337 4191 quod
370 4108 489 4202 legitur
519 4108 620 4194 Veep.
653 4105 739 4170 1414
766 4103 871 4180 ἔοικας
898 4108 1026 4196 θαφίνρ
1060 4097 1137 4170 Ἰνοῖ
1167 4107 1349 4192 κρεμαμένῃ

249 4208 331 4299 πρδς
354 4211 465 4281 ποδῶν
479 4207 670 4301 Εὐριπίδου,
695 4200 787 4296 quem
802 4201 970 4279 locum'sio
985 4214 1196 4298 interpretor:
1223 4209 1346 4294 „Inoni,
