3148 4984
708 539 930 608 ..56-

272 736 391 803 sentire
420 736 450 802 ei
473 737 599 806 videtur
621 737 798 804 Mercurius
805 749 829 824 ;‘
847 739 899 805 vel
928 732 1028 829 σ’δύνη
1058 739 1217 823 significat
1245 739 1389 820 famem·

269 866 331 929 qna
355 845 527 910 cruciatum
553 846 645 910 deum
673 848 714 911 ad
738 854 812 912 exta
840 846 1050 927 victimarum,
1087 867 1169 929 quae
1192 868 1276 914 nuuc
1300 869 1370 914 oum

269 953 405 1018 maxime
434 952 529 1018 Pluto
557 953 757 1018 immolantur
789 955 875 1020 intus
901 954 934 1018 in
967 955 1061 1020 domo
1089 952 1260 1039 Chremyli‚
1297 975 1369 1022 con·

266 1059 348 1124 verti
365 1060 412 1126 ait
428 1059 582 1142 servulus,
600 1079 701 1144 eaque
717 1062 758 1126 de
773 1062 946 1145 longinquo
963 1059 1149 1147 appeteret
1181 1061 1270 1128 Beue
1285 1064 1367 1130 haec

269 1167 428 1254 explicata
452 1175 539 1234 sunt:
574 1169 658 1234 fame
682 1169 764 1234 enim
789 1176 958 1255 tantopere
982 1169 1150 1252 cruciatur,
1180 1176 1216 1235 ut
1237 1170 1370 1255 incipiat

270 1275 456 1340 torminibus
480 1277 638 1342 laborare.
684 1278 805 1342 Tamen
820 1275 953 1360 Berghii
969 1277 1137 1342 lectionem
1153 1277 1248 1341 laudo
1264 1297 1368 1361 neque

269 1383 378 1448 locum·
397 1384 578 1449 mutandum
602 1390 694 1471 puto,
725 1405 793 1450 cum
821 1385 1017 1469 praepositio
1042 1386 1119 1470 περί
1141 1385 1259 1468 optime
1282 1405 1369 1450 usur·

267 1497 347 1577 pata
371 1491 421 1573 sit,
445 1497 481 1556 ut
504 1491 729 1559 demonstravi.
776 1492 925 1558 Ceterum
946 1492 1026 1556 haec
1040 1492 1240 1577 praepositio
1264 1493 1370 1577 aptior

269 1597 345 1662 mihi
367 1598 493 1664 videtur
517 1619 588 1665 esse
612 1600 654 1665 ad
678 1599 900 1684 exprimendos
923 1599 996 1664 illos
1015 1600 1238 1666 intestinorum
1254 1608 1367 1682 motus,

270 1726 364 1789 quam
392 1700 472 1789 πρός
499 1707 667 1790 particula.
726 1707 820 1772 Hanc
849 1707 1019 1774 locutionis
1048 1707 1213 1772 formulam
1237 1707 1369 1772 Graecis

268 1831 333 1878 non
350 1813 485 1878 alienam
500 1814 608 1898 fuisse,
627 1815 777 1899 cognosci
793 1821 901 1901 potest
916 1835 956 1880 ex
974 1814 1035 1880 hoc
1052 1814 1211 1899 exemplo:
1237 1817 1369 1900 στρέφει

269 1942 311 2003 με
333 1920 407 2006 περὶ
433 1917 492 2007 τήν
518 1926 651 2008 γαστέρα
675 1922 804 2006 Antiph.
835 1941 912 1988 com.
938 1943 990 2008 ap.
1014 1922 1132 1986 Athen.
1155 1920 1214 2003 ΙΙΙ,
1243 1921 1313 2001 123,
1336 1923 1367 1987 b.

267 2026 335 2092 Iam
358 2048 435 2093 vero
458 2029 588 2094 verbum
611 2030 644 2094 in
667 2029 738 2094 aliis
754 2030 946 2095 editionibus
962 2037 1148 2113 usurpatum
1162 2026 1366 2114 ἐπιστρέφειν

268 2134 510 2220 haudquaquam
534 2137 576 2201 ad
598 2138 681 2202 hanc
705 2138 895 2204 sententiam
918 2137 1075 2219 convenit,
1104 2134 1187 2219 quod
1211 2153 1364 2215 nusquam

269 2244 299 2306 ei
326 2243 374 2308 vis
403 2244 571 2328 torquendi
593 2246 714 2310 ventris
742 2245 827 2311 inest
854 2245 937 2332 apud
971 2251 1109 2310 veteres.
1164 2239 1236 2306 Nou
1269 2240 1365 2318 modq

268 2349 453 2415 Hemsterh.
478 2353 520 2416 ad
542 2353 572 2417 h.
597 2353 617 2416 l.
644 2353 690 2418 sic
711 2352 840 2435 iudicat,
865 2354 923 2418 sed
947 2353 1045 2418 etiam
1067 2350 1108 2416 H.
1131 2347 1310 2434 Stephanus
1332 2347 1366 2410 in

269 2455 364 2522 Thes.
389 2457 426 2522 L.
452 2459 490 2525 G.
514 2460 576 2526 hoc
606 2483 701 2526 unum
729 2460 906 2547 exemplum
929 2461 1054 2545 profert
1077 2464 1250 2523 annotans:
1288 2473 1367 2539 „pro

269 2570 402 2646 torqueo
440 2567 571 2633 affertur
605 2589 646 2634 ex
668 2569 768 2634 Arist.
792 2569 887 2634 Pluto
916 2562 1016 2656 ὀδύνη
1052 2584 1088 2632 σε
1117 2562 1202 2630 etc.“
1262 2563 1369 2640 Quare

269 2671 453 2739 Hemsterh.
466 2673 603 2758 legivult
615 2674 659 2742 ἔτι
670 2680 826 2760 στρέφειν.
848 2672 1168 2752 NecrecteFischer.‚
1182 2671 1235 2751 qni
1241 2668 1370 2732 verbum

269 2777 473 2868 ἐπιστρέφειν
501 2782 675 2848 defendens
704 2783 803 2848 verba
830 2801 871 2846 ex
892 2778 948 2846 ἐπί
969 2777 1146 2861 composita
1170 2793 1268 2857 saepe
1291 2773 1367 2858 poni

269 2889 349 2955 dicit
370 2911 429 2976 pro
454 2889 658 2976 simplicibus,
684 2892 741 2956 sed
758 2910 826 2955 cum
842 2885 1020 2970 argumenti
1037 2903 1135 2948 causa
1150 2881 1228 2946 nihil
1252 2879 1367 2944 afferat

269 2999 329 3062 nisi
359 3019 453 3063 unum
476 2991 628 3065 ἐπιθύειν
656 2995 718 3081 (Pl.
751 2996 846 3078 1116,
871 3014 928 3079 pro
954 3013 1015 3077 quo
1044 2989 1164 3074 Bergk.
1194 2987 1240 3056 ἔτι
1273 2981 1371 3054 θύειν

269 3101 376 3190 legit),
401 3127 482 3189 quae
504 3126 568 3172 vox
591 3105 715 3170 minime
738 3105 822 3170 idem
846 3110 895 3168 est
910 3122 948 3168 ac
963 3100 1112 3166 Latinum
1129 3092 1368 3182 „sacrificare“,

272 3214 330 3277 sed
354 3212 556 3294 „sacrificare
586 3214 618 3277 in
642 3213 749 3296 ahqna
776 3208 833 3277 re“
857 3212 888 3276 h.
913 3231 940 3277 e.
966 3210 1020 3295 „in
1049 3205 1136 3288 ara“,
1172 3204 1250 3270 nihil
1279 3202 1370 3267 dixit.

271 3319 372 3398 Quam
396 3320 438 3386 ob
461 3340 528 3386 rem
551 3321 630 3385 illud
645 3319 881 3386 Hematerhusii
903 3315 981 3384 ἔοικ’
1006 3314 1050 3383 ἔτι
1073 3317 1221 3400 στρέφειν
1235 3310 1288 3376 vel
1309 3309 1372 3375 hcc

269 3427 402 3512 Berglrii
431 3425 520 3494 ἔοικέ
543 3452 590 3502 τις
618 3432 765 3514 στρέφειν
796 3427 909 3492 melius
944 3431 995 3491 est
1030 3443 1124 3506 qnam
1158 3418 1370 3504 ἐπιστρέφειν.

271 3534 465 3618 Quamquam
489 3542 522 3600 ct
543 3535 624 3600 haec
645 3557 710 3603 non
731 3533 857 3600 omnino
880 3532 1000 3618 probo;
1025 3530 1128 3595 minus
1152 3525 1235 3592 enim
1257 3523 1372 3590 vocula

271 3640 316 3709 ἔτι
352 3643 459 3708 sensui
491 3643 555 3708 loci
589 3644 680 3709 huius
715 3642 892 3728 respondet
928 3645 960 3705 et
994 3657 1170 3724 pronomen
1199 3635 1245 3707 τίς
1273 3633 1372 3696 minus

272 3749 453 3816 distinctum
482 3755 541 3831 est,
578 3770 648 3815 cum
675 3771 739 3816 non
763 3745 901 3832 ,aliquis‘
932 3747 1025 3813 dolor
1047 3741 1239 3810 Mercurium
1267 3743 1371 3802 vexet.

271 3855 376 3924 Orado
400 3858 507 3942 potius
529 3865 659 3942 poetam
683 3856 868 3940 scripsisse:

392 3958 489 4056 ὀδύνη
513 3985 548 4032 σε
571 3965 645 4053 περὶ
667 3958 705 4030 τά
729 3955 880 4043 σπλάγχν’
906 3957 974 4026 ἔσικ
996 3953 1019 4044 ἥ
1031 3961 1051 4024 d
1062 3983 1082 4047 η
1106 3957 1264 4038 στρέφειν.

363 4069 465 4137 Venio
488 4091 570 4138 nuuc
586 4073 628 4137 ad
642 4069 743 4136 verba
763 4065 947 4150 quiescendi
963 4083 1001 4129 ao
1015 4061 1178 4144 versandi3
1204 4058 1371 4143 spectandi

271 4183 344 4244 sunt
379 4176 411 4242 hi
446 4177 522 4243 loci:
562 4178 643 4245 Aah.
678 4173 719 4242 97
755 4169 888 4259 ἄσκσμσι
922 4170 1009 4254 ἔχειν
1048 4168 1122 4256 περὶ
1155 4163 1211 4234 τόν
1244 4160 1373 4252 ὀφθαλ-

270 4279 340 4368 pedu.
388 4285 430 4350 ib.
460 4282 525 4348 439
558 4285 706 4350 πελέδισν
733 4280 807 4368 περὶ
833 4275 995 4366 κεφαλήνς
1016 4278 1080 4344 vid.
1108 4277 1151 4342 ib.
1176 4273 1251 4357 693,
1278 4272 1373 4339 1177.
