3148 4984
643 508 936 620 '-54..

278 753 339 838 Eq.
365 751 429 816 809
462 746 683 838 ὀνειροπολεῖς
717 751 791 835 περὶ
815 746 930 817 σαυτοῦ
960 751 1117 832 „somnias
1141 749 1181 816 de
1208 749 1261 816 te“
1291 751 1322 816 h.
1346 771 1375 816 e.

279 861 403 943 „refers
438 861 570 925 oracula
601 860 687 942 ficta,
723 879 804 942 quae
837 859 976 923 attinent
1004 859 1046 923 ad
1074 857 1139 924 tc“.
1197 858 1279 924 Nub.
1309 857 1376 923 739

275 967 349 1050 περὶ
376 965 439 1034 ταῖν
465 962 574 1049 τόκων,
612 959 700 1040 ὅπως
727 962 768 1032 ἂν
796 960 909 1032 ἀποδῶ
936 967 1066 1054 μηδενί,
1094 967 1148 1029 ubi
1178 951 1253 1050 post
1275 961 1378 1034 τόκων

276 1075 345 1140 sine
373 1075 469 1140 dubio
500 1096 540 1140 ex
569 1075 713 1140 versibus
737 1094 819 1157 quae
841 1073 1039 1159 praecedunt
1061 1073 1278 1158 intellegenda
1301 1083 1378 1140 sunt

279 1181 417 1267 ἐξευρεῖν
451 1206 480 1246 τι
509 1175 679 1268 βούλομαι,
708 1187 742 1246 ut
764 1182 867 1246 locum
890 1182 936 1246 ita
958 1183 1165 1266 interpreter:
1202 1181 1307 1264 „quod
1333 1182 1375 1245 ad

275 1311 390 1355 usuras
429 1289 556 1372 attinet,
597 1287 716 1372 aliquid
755 1289 899 1374 reperire
936 1289 1020 1362 volo,
1062 1289 1219 1372 quomodo
1257 1289 1376 1354 nemini

273 1395 438 1464 reddam“.
815 1400 830 1478 Ἰ

361 1506 412 1570 De
447 1525 522 1570 casu
559 1503 665 1568 dativo
700 1486 786 1588 apud
819 1503 1067 1588 Aristophanem
1101 1503 1187 1567 hand
1216 1503 1375 1586 frequenti

273 1613 383 1699 paucis
407 1612 578 1676 absolvam.
627 1609 855 1693 Cognoscimus
878 1611 1012 1675 localem
1035 1611 1286 1695 praepositionis
1310 1611 1372 1674 vim

272 1721 408 1806 primum
442 1741 483 1784 ex
516 1718 576 1802 Eq.
615 1717 699 1782 1039
734 1718 808 1802 περὶ
843 1712 1009 1802 σκύμνοισι
1036 1713 1189 1808 βεβηκώς,
1224 1717 1256 1782 id
1289 1718 1373 1800 quod

273 1827 379 1892 Schol.
404 1827 635 1912 interpretatur
658 1818 725 1907 „uic
748 1826 830 1892 λέων
852 1819 1049 1910 ύπερμαχῶν
1071 1819 1242 1908 σκύμνων“
1263 1820 1372 1908 (veluti

276 1934 398 1998 catulos
435 1954 509 2000 suos
544 1930 747 2018 defendens),
789 1936 834 1997 ita
869 1935 1067 2018 περιβαίνειν
1102 1938 1135 1997 et
1165 1926 1374 2017 α’μφιβαῖνειν

273 2042 356 2126 apud
391 2041 564 2106 Homerum
598 2042 810 2126 reperiuntur,
848 2042 882 2106 ci
907 2047 944 2122 P,
974 2039 994 2103 6
1024 2034 1067 2114 ὥς
1094 2039 1168 2122 περὶ
1198 2034 1370 2122 Πατρόκλῳ

271 2157 371 2236 βαῖνε.
429 2149 705 2234 Praepositionem
734 2150 809 2231 περί
836 2167 895 2234 per
923 2147 1038 2212 tmesin
1067 2147 1207 2210 averbo
1230 2135 1370 2231 βεβηκύς

272 2266 307 2322 ut
342 2257 469 2343 saepius
502 2257 587 2340 apud
622 2256 718 2322 Hom.
754 2256 927 2320 abscissam
957 2275 1029 2320 esse
1057 2273 1119 2318 non
1146 2257 1234 2337 puto.
1291 2249 1370 2314 Tum

273 2366 347 2430 vide
370 2365 451 2458 Ram.
469 2364 533 2428 329
556 2365 630 2450 περὶ
653 2363 742 2450 κρατὶ
759 2362 805 2450 σῷ
819 2357 956 2450 βρύοντα
976 2366 1133 2446 στέφανον
1149 2353 1315 2438 τινάσσων,
1338 2362 1373 2418 ut

272 2471 346 2554 περὶ
375 2466 547 2556 στήθεσσιν
575 2468 630 2556 (Β,
663 2469 724 2534 146
753 2469 825 2551 ai),
854 2471 928 2552 περὶ
955 2469 1031 2552 χροΐ
1057 2467 1113 2550 (Θ,
1139 2466 1181 2530 43
1205 2463 1272 2550 ai),
1301 2461 1375 2544 περὶ

272 2571 461 2661 κροτάφοισι
504 2575 557 2658 (0,
598 2575 687 2657 648).
752 2577 857 2641 Leone
896 2577 948 2658 qui
988 2576 1131 2658 sequitur
1171 2575 1246 2656 Lys.
1291 2567 1376 2637 1073
1485 2599 1487 2606 >

273 2679 380 2766 ὥσπερ
415 2691 638 2766 χοιροκομεῖον
673 2681 746 2764 περὶ
780 2690 846 2753 τοῖς
877 2688 1027 2770 μηροῖσιν
1055 2679 1180 2759 ἔχοντες
1209 2701 1228 2741 a
1257 2676 1375 2742 ceteris

272 2793 370 2858 verbo
399 2790 613 2871 distinguitur,
650 2788 734 2870 quod
762 2808 825 2851 non
855 2787 894 2850 ad
924 2795 1050 2867 motum,
1087 2786 1143 2848 sed
1169 2785 1209 2846 ad
1236 2784 1374 2865 quietem

273 2905 409 2988 spectat.
445 2897 530 2962 Huic
546 2897 648 2963 ordini
668 2895 752 2961 addo
770 2899 917 2978 quartum
935 2892 1110 2976 exemplum
1127 2890 1203 2954 Pac.
1221 2887 1287 2952 904
1301 2887 1376 2973 περὶ

274 3015 357 3074 ταῖσι
379 3015 521 3092 καμπαῖς
543 3000 670 3094 ἡνίοχοι
693 2996 898 3079 πεπτωκότες,
924 3019 1007 3084 quae
1030 2998 1179 3082 loquendi
1203 2997 1286 3061 ratio
1310 3017 1375 3060 non

276 3117 393 3180 usitata
424 3123 483 3180 est.
541 3113 642 3178 Plane
670 3113 831 3177 notionem
860 3108 1074 3173 circumdandi
1096 3105 1255 3192 praebent
1278 3103 1374 3168 Hom.

276 3227 316 3302 Θ,
341 3221 383 3287 86
406 3214 633 3304 κυλινδόμενος
657 3220 731 3304 περὶ
746 3214 865 3305 χαλκαῖ.
890 3225 929 3298 Ν,
946 3215 1012 3280 570
1027 3215 1101 3301 περὶ
1118 3209 1209 3296 δουρὶ
1225 3207 1373 3298 ἤσπαιρε.

275 3327 373 3412 Soph.
397 3330 447 3392 ni.
473 3327 537 3392 8⁶28
561 3325 708 3394 asmoiua
731 3326 812 3415 τῷδε
835 3326 908 3412 περὶ
928 3318 1105 3409 νεορρύντῳ
1123 3324 1224 3406 §ipsus
1246 3321 1307 3384 hoc
1323 3341 1374 3384 an-

273 3443 337 3501 tem
376 3435 447 3500 loco
487 3435 567 3499 haee
602 3435 790 3518 significatio
826 3433 980 3499 recedere
1015 3429 1142 3493 videtur
1179 3434 1276 3511 atque
1310 3428 1376 3493 loci

271 3543 424 3624 vicinitas,
449 3548 482 3606 et
504 3545 625 3607 incerta
650 3545 785 3626 quidem,
809 3542 978 3621 indicatur,
1002 3543 1037 3602 ut
1059 3535 1143 3620 apud
1168 3555 1227 3600 nos
1243 3535 1373 3600 dicitur:

150 3677 156 3688 ¹
272 3647 378 3734 „bci“,
409 3649 463 3730 „in
493 3649 551 3712 der
573 3647 696 3714 Nahe‘t
750 3650 854 3716 Semel
884 3647 969 3733 apud
991 3644 1123 3710 verbum
1145 3642 1276 3708 timendi
1299 3640 1374 3724 περὶ

270 3759 389 3842 legitur
417 3777 485 3822 cum
515 3754 623 3820 dativo
642 3763 882 3822 constructum:
920 3755 981 3836 Hq.
1007 3751 1048 3816 27
1080 3753 1210 3817 δέδοικα
1233 3748 1307 3830 περὶ
1330 3745 1376 3834 τῷ

271 3868 414 3949 δέρματι,
440 3863 569 3944 saepius
594 3861 677 3946 apud
701 3863 796 3927 Hom.
822 3869 854 3927 et
878 3862 974 3924 alios:
999 3863 1030 3940 I,
1054 3857 1120 3922 433
1144 3857 1218 3939 aspi
1242 3851 1299 3940 γὰρ
1325 3857 1375 3921 δίε

268 3972 384 4062 νηυσὶν
398 3964 528 4051 Ἀχαιῶν
544 3976 582 4051 Ε,
599 3969 674 4035 566.
691 3975 731 4050 Κ,
749 3967 823 4032 240.
860 3965 983 4030 Herod.
1008 3965 1038 4047 3,
1055 3961 1110 4029 45.
1127 3964 1227 4028 Thuo.
1248 3960 1280 4043 4,
1300 3961 1373 4028 123.

360 4077 499 4156 Quartus
524 4097 625 4156 casus,
652 4078 705 4161 qni
721 4074 859 4142 occurrit
882 4071 1078 4156 quadragies
1103 4071 1221 4150 sexies,
1247 4069 1373 4155 saepius

273 4207 366 4269 quam
391 4186 556 4268 genetivus
577 4185 682 4250 locum
698 4182 865 4268 significat,
891 4181 978 4246 circa
1002 4197 1093 4261 quem
1117 4177 1193 4260 quid
1216 4184 1373 4259 versatur,

271 4291 404 4378 primum
433 4292 516 4376 apud
544 4293 644 4356 verba
672 4290 827 4373 movendi,
857 4287 971 4354 deinde
1000 4285 1099 4350 multo
1123 4284 1265 4350 erebrius
1289 4283 1372 4369 apud
