3148 4984
651 513 872 584 ..57-

210 665 292 782 Nun.
318 713 375 796 ou,
401 711 477 778 sos.
512 711 587 778 rao.
614 711 688 779 731.
729 713 803 797 cys.
831 711 885 795 α,
911 709 986 778 531.
1023 713 1083 778 m,
1107 709 1185 794 aas,
1214 711 1309 780 1188.

208 820 290 888 Ran.
310 820 405 886 1266.
434 819 483 884 Pl.
508 817 572 883 750
596 815 652 903 (cl.
672 821 774 906 Vesp.
800 815 910 904 1302),
933 819 1008 886 939.
1036 820 1152 886 Adicio
1168 822 1227 886 Th.
1245 821 1309 886 999

207 925 316 1002 κισσὸς
337 922 455 994 θάλλει
478 929 554 1012 περί
569 946 613 994 σε.
638 928 686 1020 Pl.
704 925 769 992 538
784 925 965 1014 βομβοῦσαι
984 927 1058 1014 περὶ
1076 924 1135 1015 τήν
1154 924 1309 1016 κεφαλήν.

212 1101 214 1106 .
298 1054 411 1136 Aeque
435 1073 474 1120 ac
498 1054 648 1136 genetivo
672 1052 743 1117 huic
760 1038 847 1118 casui
862 1053 949 1117 notio
966 1054 1050 1118 inest
1074 1053 1180 1136 „quod
1196 1054 1312 1120 attinet

208 1158 282 1226 ad“.
342 1160 434 1238 Quod
456 1159 548 1224 vides
577 1177 617 1224 ex
639 1160 719 1224 Ach.
745 1159 810 1225 663
833 1161 908 1245 περὶ
929 1155 987 1246 τήν
1014 1154 1110 1226 πόλιν
1138 1155 1312 1236 diodoride

210 1275 267 1336 aut
292 1269 336 1332 ib.
358 1253 425 1332 Ι696
448 1266 524 1351 περὶ
546 1262 613 1351 τήν,
627 1261 722 1332 πόλιν
746 1261 871 1351 ἀγαθὸς
899 1262 985 1356 ἀνήρ’
1009 1276 1041 1332 et
1069 1269 1196 1353 saepius
1225 1269 1310 1355 apud

210 1394 326 1440 nomen
340 1374 529 1440 adisolivum
545 1374 583 1438 cf.
599 1374 658 1457 sq.
674 1373 748 1456 764,
766 1374 840 1458 812,
859 1374 934 1457 831,Ι
952 1374 1026 1452 873,
1046 1373 1142 1440 1208.
1169 1375 1218 1440 Pl.
1233 1375 1309 1440 568.

215 1481 318 1547 Porro
342 1482 412 1548 vide
427 1481 512 1548 Nub.
530 1480 597 1546 994
620 1489 821 1565 σκαιουργεῖν
835 1481 909 1566 περὶ
924 1477 996 1556 σούς
1011 1486 1134 1565 γονέας.
1169 1483 1228 1548 Th.
1247 1482 1310 1548 307

210 1583 249 1654 aa*
262 1589 412 1674 ’βέλτιστα
435 1583 603 1676 α’γορεύειν
625 1589 698 1675 περὶ
722 1585 778 1656 τὸν
800 1586 913 1676 δῆμον.
938 1589 1018 1654 Ren.
1044 1588 1119 1654 458.

296 1713 369 1780 Uno
404 1714 477 1780 loco
512 1716 605 1782 etiam
647 1723 771 1802 tempus
810 1715 983 1781 indicatur:
1024 1714 1126 1800 Vesp.
1163 1715 1203 1780 31
1238 1716 1313 1801 περὶ

209 1813 337 1904 πρῶτον
352 1815 456 1888 ὕπνον
479 1823 602 1907 „primo
626 1822 773 1908 somno“;
798 1823 839 1887 cf.
855 1823 956 1888 Thuc.
973 1823 1003 1905 3,
1021 1821 1063 1888 89
1087 1822 1161 1909 περὶ
1183 1817 1313 1897 τούτους

209 1923 283 2002 τούς
305 1922 451 2014 χρόνους.
497 1929 580 1994 Xen.
606 1933 667 1996 An.
688 1931 716 2013 1,
735 1930 764 2013 7,
786 1931 801 1994 l
827 1931 901 2018 περὶ
922 1934 1022 2015 μέσας
1045 1925 1166 2004 νύκτας.

721 2107 797 2188 65.

696 2247 767 2319 ὑπ
789 2248 819 2319 ό.

298 2391 431 2459 Centum
471 2395 678 2479 septuaginta
714 2403 788 2460 octo
829 2395 907 2460 locis
941 2395 1212 2479 praepositionem
1246 2390 1313 2463 ὑπό

210 2496 387 2584 (Kuehner.
410 2501 453 2582 ΙΙ,
480 2500 543 2566 308
561 2522 631 2585 sqq.
656 2501 806 2567 Schmidt.
826 2500 866 2565 75
884 2496 969 2586 sqq.)
993 2502 1093 2566 Arist.
1118 2510 1253 2590 usurpat
1274 2523 1313 2568 ac

213 2607 400 2691 plerumque
424 2629 494 2674 cum
517 2611 666 2693 genetivo
691 2630 775 2694 casu,
800 2611 909 2674 novies
934 2629 1003 2673 cum
1020 2609 1137 2692 dativo,
1163 2611 1312 2676 undecies

209 2733 277 2778 cunr
302 2715 485 2782 accusativo
510 2719 650 2803 copulat.
682 2717 752 2784 Nec
767 2719 863 2801 longe
878 2717 1002 2783 recedit
1022 2717 1054 2780 in
1076 2738 1133 2782 usu
1155 2739 1175 2781 a
1195 2718 1312 2782 ceteris

209 2829 309 2907 poeta
332 2823 391 2887 nisi
406 2824 438 2887 in
455 2844 504 2905 eo,
531 2827 615 2908 qnod
631 2828 765 2890 maxime
782 2827 976 2910 genetivum,
1000 2825 1162 2888 rarissime
1185 2831 1311 2889 ceteros

209 2949 302 2995 casus
338 2931 460 2996 ascivit.
519 2932 569 2997 De
603 2935 706 2999 forma
740 2932 913 2999 notandum
942 2939 1002 3014 est,
1039 2931 1088 2995 bis
1127 2950 1197 2996 eum
1231 2924 1314 2996 ὑπαί

209 3038 344 3103 dixisse:
368 3038 447 3102 Ach.
473 3037 538 3102 970
562 3047 595 3106 ot
617 3041 677 3105 Av.
705 3041 800 3105 1426.

298 3165 346 3228 Ac
373 3165 507 3249 primum
536 3167 685 3246 genetivo
715 3167 825 3230 addita
852 3162 1012 3248 particula
1045 3181 1119 3226 raro
1147 3160 1311 3248 propriam

210 3269 276 3348 uim
297 3271 328 3334 h.
353 3290 381 3336 e.
404 3271 540 3336 localem
565 3279 681 3355 servat,
706 3291 789 3356 quae
812 3272 853 3335 ad
876 3271 980 3335 locum
1004 3276 1140 3354 spectat,
1166 3272 1224 3336 sub
1248 3291 1310 3354 quo

210 3384 357 3443 versatur
392 3379 512 3461 aliquid
547 3380 598 3445 vel
633 3381 678 3444 fit.
741 3380 814 3444 Hoc
835 3399 944 3442 ·unum
985 3379 1162 3462 exemplum
1195 3378 1309 3444 habes:

211 3485 284 3570 Lys.
310 3483 375 3550 985
399 3480 464 3552 6πὸ
485 3481 591 3577 μάλης
620 3483 698 3571 δόρυ
726 3486 829 3568 ἔχειν,
867 3484 905 3549 cf.
935 3484 1018 3551 Plat.
1044 3485 1143 3570 Gorg.
1172 3483 1248 3568 469,
1272 3485 1313 3551 D.

208 3591 292 3659 Xen.
315 3593 401 3660 Hell.
423 3593 453 3677 2,
472 3595 501 3678 3,
524 3596 575 3659 23.
633 3595 747 3659 Altero
778 3593 924 3678 exemplo
958 3612 997 3661 ea
1025 3593 1136 3658 localis
1164 3598 1311 3677 potestas

210 3701 401 3783 illustratur,
426 3722 520 3786 quam
543 3701 744 3788 praepositio
769 3700 869 3765 habet
890 3719 961 3764 cum
983 3700 1082 3765 verbo
1107 3698 1312 3764 submovendi

211 3811 268 3876 sub
292 3811 428 3896 aliquem
451 3811 556 3876 locum
579 3809 765 3876 coniuncta:
801 3808 903 3894 Vesp.
927 3806 992 3872 206
1016 3800 1223 3873 ὑποδύεσθαι
1246 3799 1311 3872 dno*

209 3918 272 3985 τῶν
305 3921 503 4004 κεραμίδων,
541 3919 582 3985 cf.
615 3918 710 3986 Hom.
746 3917 777 4000 t,
807 3915 849 3981 62
885 3909 950 3982 6πὸ
985 3907 1110 3995 χθονὸς
1142 3911 1311 3980 ἐτέθαπτο.

210 4027 325 4092 Aesch.
350 4025 418 4111 Spt.
443 4024 518 4091 570.

298 4151 491 4218 Notissimus
518 4158 623 4217 autem
651 4171 727 4216 usus
754 4148 932 4234 particulae
960 4150 1023 4226 est,
1061 4146 1088 4211 si
1117 4145 1187 4228 quis
1216 4145 1312 4229 signi·

210 4260 331 4342 ficetur,
361 4259 449 4326 cuius
473 4265 610 4344 aparte
633 4257 717 4324 actio
742 4257 848 4341 aliqua
871 4251 1092 4341 proficiscitur,
1121 4272 1220 4334 quare
1243 4246 1309 4320 ὑπό
