3148 4984
617 539 838 604 ..45-

143 753 192 819 de
221 753 298 818 hoo
320 771 390 834 usu,
422 771 491 817 oum
514 751 610 818 latius
628 737 754 839 pateat,
783 752 916 838 primum
940 753 1051 818 diuam.
1111 751 1221 817 Loculi
1243 753 1274 817 vi

146 859 342 942 iudicatur,
377 859 495 942 aliquid
519 859 639 925 moveri
662 859 704 924 ad
728 859 863 942 aliquem
887 859 939 924 vel
966 859 1098 944 proprie
1126 859 1167 924 ad
1189 857 1274 924 latus

152 966 319 1047 alienius,
348 985 571 1050 nonnunquam
599 973 711 1033 eontra
734 967 883 1050 aliquem,
920 986 983 1049 que
1004 967 1036 1030 in
1059 983 1096 1030 re
1123 967 1274 1032 usitatior

158 1080 213 1139 est
229 1073 438 1158 praepositio
454 1067 542 1157 πρός.
574 1074 626 1138 Ita
649 1069 738 1158 παρά
759 1075 891 1158 primurn
915 1092 984 1138 oum
1007 1072 1112 1137 verbis
1128 1072 1275 1137 veniendi

155 1180 353 1268 copulatum
368 1180 495 1262 legitur,
521 1181 607 1245 euius
623 1181 709 1246 modi
725 1181 873 1266 exempla
889 1181 968 1246 haee
984 1188 1071 1249 sunt:
1096 1181 1276 1266 παρελθεῖν

154 1287 250 1352 Nub.
272 1286 347 1352 853.
372 1280 462 1374 ἥκειν
478 1287 538 1350 Av.
556 1286 631 1371 992,
654 1285 747 1354 1039.
773 1287 924 1369 οἴχεσθαι
939 1286 981 1352 ib.
1002 1287 1097 1352 1269.
1121 1285 1275 1354 ἵστασθαι

156 1395 259 1460 Euel.
280 1393 354 1458 737.
385 1396 605 1480 παρίστασθαι
620 1396 702 1460 Ren.
722 1394 817 1459 1378.
849 1391 960 1481 στῆναι
975 1395 1050 1460 Peo.
1070 1393 1165 1458 1269.
1200 1393 1274 1479 Lys.

38 1523 39 1528 ¹
169 1501 273 1582 1122,
307 1499 402 1565 1276.
438 1503 649 1584 συλλέγεσθαι
677 1503 776 1586 Vesp.
805 1502 899 1569 1108.
957 1502 1098 1566 Verbum
1126 1501 1274 1566 omissum

169 1615 225 1673 est
249 1607 336 1674 Eeel.
353 1607 419 1674 695
443 1605 539 1694 δεῦρο
563 1612 638 1693 παρ’
663 1604 756 1696 ἡμᾶς.
802 1610 978 1674 Praeterea
1000 1609 1132 1693 profero
1154 1610 1214 1673 Av.
1231 1608 1274 1673 46

166 1709 283 1789 στόλος
305 1713 372 1806 νζρῖν
395 1713 460 1782 ε’στι
482 1712 571 1800 παρα
592 1713 647 1783 τὸν
665 1720 783 1808 Ίθγρέα.
831 1717 1012 1801 Sequuntur
1035 1717 1134 1782 verba
1157 1718 1274 1799 agendi

166 1830 203 1888 et
229 1823 377 1888 mittendi
400 1825 541 1905 πέμπειν
564 1824 623 1890 nv.
642 1823 716 1890 844.
745 1819 834 1906 ἄγειν
856 1823 931 1888 Peo.
950 1823 1025 1889 844.
1056 1819 1276 1912 παραβάλλειν

172 1927 356 2014 ‚,prodere“
396 1931 456 1994 Av.
493 1929 567 1996 333.
634 1933 755 1996 Motum
794 1938 959 2017 postremo
1000 1933 1094 1996 etiem
1135 1934 1276 1998 eontinet

177 2039 303 2104 uerbum
329 2035 514 2123 ἐρείδεσθαι
538 2033 641 2123 (παρὰ
662 2034 716 2104 τὸν
737 2033 851 2124 Ἀγυιᾶ)
876 2040 934 2104 Th.
959 2037 1036 2105 489.

259 2181 418 2247 Primarie
457 2189 489 2247 et
527 2181 746 2266 antiquissima
777 2182 1025 2269 praepositionis
1065 2180 1268 2264 significatio²

182 2307 265 2370 quae
288 2295 339 2353 est
361 2286 503 2372 ‚‚iuxta“‚
528 2290 649 2354 intacta
671 2296 767 2372 atque
791 2293 954 2354 immutata
977 2291 1132 2355 retinetur
1146 2291 1279 2375 primum

177 2397 262 2479 apud
283 2397 382 2461 verbe
405 2395 560 2461 movendi.
601 2394 655 2460 Sio
678 2396 754 2460 Pae.
772 2397 836 2460 726
860 2393 948 2480 παρὰ
963 2393 1021 2485 τήν
1036 2392 1118 2463 θεὸν
1139 2391 1276 2482 καταβάς

182 2501 303 2583 dieitur,
326 2505 377 2587 qui
399 2505 486 2568 iuxta
510 2501 601 2570 deam
625 2503 822 2568 deseendit*
850 2505 922 2582 Alia
946 2512 1032 2569 sunt:
1061 2503 1162 2589 Vesp.
1193 2503 1275 2568 1083

184 2605 257 2683 στας
283 2604 358 2700 α’νήρ
393 2613 468 2695 παρ’
498 2606 609 2696 ἄνδρα.
638 2612 680 2674 ib.
709 2609 793 2675 1620
821 2609 942 2702 πηδᾶτε
977 2609 1065 2698 παρα
1102 2607 1274 2698 ψάμαθον.

178 2713 261 2782 Rau.
292 2717 374 2782 1068
410 2713 498 2801 παρὰ
526 2714 600 2793 τούς
627 2717 725 2800 ἰχθῦς
751 2713 921 2806 ἀνέκυψεν.
980 2720 1082 2785 Porro
1116 2721 1277 2804 reperitur

174 2823 304 2888 verbum
333 2820 481 2891 ἐλαύνειν
504 2826 584 2890 Aeh.
610 2826 684 2890 996.
714 2823 888 2912 ἱδρύεσθαι
916 2829 963 2893 Pl.
993 2828 1091 2922 1153.ι
1122 2830 1276 2892 τίθεσθαι

170 2930 234 2996 Αν.
265 2931 341 2996 631.
381 2935 615 2999 κατατίθεσθαι
643 2934 685 2998 ib.
713 2934 790 2997 401.
853 2936 932 2999 Tum
961 2935 1110 3000 Doricum
1145 2933 1275 2997 verbum

170 3034 331 3124 ψιάδδειν
358 3059 418 3125 pro
447 3035 577 3126 ιγιᾶζειν
603 3065 632 3096 =
660 3039 799 3119 „salire“
829 3041 901 3126 Lys.
929 3040 1014 3105 1302
1043 3047 1076 3104 et
1102 3041 1134 3104 in
1164 3041 1275 3105 eadem

170 3147 341 3212 comoedia
365 3147 397 3211 in
421 3169 449 3211 v.
471 3147 554 3211 1309
579 3143 759 3231 ἀμπάλλειν
782 3169 841 3234 pro
866 3142 1074 3219 ἀναπάλλειν.
1098 3183 1142 3192 -
1166 3148 1276 3213 Verba

172 3254 361 3338 quiescendi
385 3255 499 3320 deinde
527 3273 776 3321 commemorare
803 3255 909 3319 liceat.
957 3253 1026 3332 Qua
1052 3257 1083 3320 in
1111 3277 1147 3321 re
1172 3275 1276 3340 quam·

171 3382 269 3446 quam
298 3383 369 3426 oum
393 3359 524 3445 ‚,iuxta“
549 3362 740 3444 significatio
769 3363 802 3425 in
830 3361 990 3445 particula
1017 3363 1102 3428 inest
1129 3371 1162 3430 et
1185 3367 1276 3449 quasi

169 3469 300 3551 emieat,
325 3477 391 3533 tum
413 3469 514 3533 verba
537 3491 606 3534 eum
629 3470 867 3555 praepositione
892 3469 937 3532 siu
959 3479 1112 3556 usurpate
1136 3480 1217 3554 sunt,
1242 3479 1278 3539 ut

164 3581 278 3639 motus
303 3578 355 3659 qui
377 3577 531 3661 praeierit
554 3577 722 3658 cogitetur,
747 3584 852 3640 tamen
876 3579 982 3662 potuis
1006 3578 1144 3643 dativum
1168 3599 1276 3644 nasum

170 3691 411 3766 exspectamus.
458 3681 527 3748 Neo
550 3703 628 3748 vero
644 3685 743 3748 Arist.
765 3685 847 3749 huno
870 3705 960 3750 usum
979 3687 1053 3752 iude
1077 3688 1117 3750 ab
1134 3685 1275 3750 Homero

168 3790 261 3855 haud
284 3785 467 3856 inusitatum
491 3791 639 3856 excessit.
688 3791 772 3856 Sene
797 3812 861 3858 non
883 3793 1035 3857 incertum
1052 3799 1111 3874 eet,
1137 3793 1276 3857 dativum

170 3895 302 3980 quidem
325 3899 365 3961 ab
390 3899 605 3981 Aristophane
627 3901 793 3984 praeferri,
817 3901 1017 3966 nihilominus
1040 3920 1145 3984 paene
1163 3901 1275 3965 eadem

172 4004 300 4069 ratione
323 4014 490 4090 utrumque
514 4027 621 4071 uenum
643 4008 720 4092 poni
745 4029 785 4072 ex
807 4008 856 4073 his
880 4013 1016 4092 apparet
1039 4007 1207 4092 exemplis:
1314 4073 1319 4082 ,

221 4147 270 4212 Pl.
296 4147 360 4212 742
385 4151 416 4216 oi
441 4152 469 4215 δ’
494 4148 747 4234 ἐγκατακείμενοι
771 4153 846 4240 παρ’
871 4143 965 4235 αὐτῷ.

221 4253 323 4340 Vesp.
348 4256 411 4321 611
436 4262 636 4352 καθεζομένη
660 4253 735 4341 παρ’
759 4256 841 4340 ε’μοί.
998 4311 1001 4320 ,
