<?xml version="1.0" encoding="UTF-8"?>
<!DOCTYPE html PUBLIC "-//W3C//DTD XHTML 1.0 Transitional//EN"
    "http://www.w3.org/TR/xhtml1/DTD/xhtml1-transitional.dtd">
<html xmlns="http://www.w3.org/1999/xhtml" xml:lang="en" lang="en">
 <head>
  <title>
</title>
<meta http-equiv="Content-Type" content="text/html;charset=utf-8" />
  <meta name='ocr-system' content='tesseract 3.04.00' />
  <meta name='ocr-capabilities' content='ocr_page ocr_carea ocr_par ocr_line ocrx_word'/>
</head>
<body>
  <div class='ocr_page' id='page_1' title='image "./depraepositioni00vogegoog_0051.png"; bbox 0 0 3148 4984; ppageno 0'>
   <div class='ocr_carea' id='block_1_1' title="bbox 710 503 931 590">
    <p class='ocr_par' dir='ltr' id='par_1_1' title="bbox 710 503 931 590">
     <span class='ocr_line' id='line_1_1' title="bbox 710 503 931 590; baseline 0.009 -40"><span class='ocrx_word' id='word_1_1' title='bbox 710 503 931 590; x_wconf 70' lang='lat'>..42-</span> 
     </span>
    </p>
   </div>
   <div class='ocr_carea' id='block_1_2' title="bbox 180 695 1372 2586">
    <p class='ocr_par' dir='ltr' id='par_1_2' title="bbox 180 695 1372 2586">
     <span class='ocr_line' id='line_1_2' title="bbox 270 695 1369 784; baseline 0 -18"><span class='ocrx_word' id='word_1_2' title='bbox 270 707 304 766; x_wconf 84' lang='lat' dir='ltr'>et</span> <span class='ocrx_word' id='word_1_3' title='bbox 327 702 386 766; x_wconf 84' lang='lat' dir='ltr'>Av.</span> <span class='ocrx_word' id='word_1_4' title='bbox 412 699 477 765; x_wconf 84' lang='grc'>608</span> <span class='ocrx_word' id='word_1_5' title='bbox 500 695 722 784; x_wconf 73' lang='grc' dir='ltr'><strong><em>προστιθέναι.</em></strong></span> <span class='ocrx_word' id='word_1_6' title='bbox 769 699 847 764; x_wconf 85' lang='lat' dir='ltr'>Cum</span> <span class='ocrx_word' id='word_1_7' title='bbox 875 701 983 783; x_wconf 85' lang='lat' dir='ltr'>priore</span> <span class='ocrx_word' id='word_1_8' title='bbox 1011 701 1083 766; x_wconf 82' lang='lat' dir='ltr'>loeo</span> <span class='ocrx_word' id='word_1_9' title='bbox 1111 700 1226 766; x_wconf 85' lang='lat' dir='ltr'>dieitur</span> <span class='ocrx_word' id='word_1_10' title='bbox 1249 695 1369 775; x_wconf 80' lang='grc' dir='ltr'><strong><em>ἔδωκας</em></strong></span> 
     </span>
     <span class='ocr_line' id='line_1_3' title="bbox 265 801 1369 898; baseline 0 -26"><span class='ocrx_word' id='word_1_11' title='bbox 265 802 328 898; x_wconf 79' lang='grc' dir='ltr'>ἤδη</span> <span class='ocrx_word' id='word_1_12' title='bbox 363 807 474 895; x_wconf 84' lang='grc' dir='ltr'><strong><em>τουτῳὶ</em></strong></span> <span class='ocrx_word' id='word_1_13' title='bbox 508 802 646 891; x_wconf 81' lang='grc' dir='ltr'><strong><em>κόνινμα</em></strong></span> <span class='ocrx_word' id='word_1_14' title='bbox 681 801 768 890; x_wconf 76' lang='grc' dir='ltr'><strong><em>παρὰ</em></strong></span> <span class='ocrx_word' id='word_1_15' title='bbox 804 803 955 889; x_wconf 69' lang='lat' dir='ltr'>deuorari,</span> <span class='ocrx_word' id='word_1_16' title='bbox 987 827 1052 872; x_wconf 92' lang='lat' dir='ltr'>non</span> <span class='ocrx_word' id='word_1_17' title='bbox 1087 806 1289 890; x_wconf 80' lang='lat' dir='ltr'>cogitandum</span> <span class='ocrx_word' id='word_1_18' title='bbox 1319 812 1369 872; x_wconf 82' lang='lat' dir='ltr'>est</span> 
     </span>
     <span class='ocr_line' id='line_1_4' title="bbox 268 911 1368 1000; baseline -0.001 -22"><span class='ocrx_word' id='word_1_19' title='bbox 268 935 309 996; x_wconf 92' lang='lat' dir='ltr'>„a</span> <span class='ocrx_word' id='word_1_20' title='bbox 333 913 401 994; x_wconf 88' lang='lat' dir='ltr'>te“,</span> <span class='ocrx_word' id='word_1_21' title='bbox 426 914 484 980; x_wconf 91' lang='lat' dir='ltr'>sed</span> <span class='ocrx_word' id='word_1_22' title='bbox 507 915 614 1000; x_wconf 89' lang='lat' dir='ltr'>potius</span> <span class='ocrx_word' id='word_1_23' title='bbox 638 915 701 996; x_wconf 78' lang='lat' dir='ltr'>„de</span> <span class='ocrx_word' id='word_1_24' title='bbox 725 911 800 979; x_wconf 85' lang='lat' dir='ltr'>tuo“</span> <span class='ocrx_word' id='word_1_25' title='bbox 826 915 876 980; x_wconf 83' lang='lat' dir='ltr'>vel</span> <span class='ocrx_word' id='word_1_26' title='bbox 901 914 965 996; x_wconf 89' lang='lat' dir='ltr'>„de</span> <span class='ocrx_word' id='word_1_27' title='bbox 988 920 1042 979; x_wconf 88' lang='lat' dir='ltr'>tuo</span> <span class='ocrx_word' id='word_1_28' title='bbox 1067 912 1225 1000; x_wconf 88' lang='lat' dir='ltr'>sumptu“.</span> <span class='ocrx_word' id='word_1_29' title='bbox 1262 914 1368 979; x_wconf 75' lang='lat' dir='ltr'>utiam</span> 
     </span>
     <span class='ocr_line' id='line_1_5' title="bbox 264 1015 1370 1107; baseline 0.001 -22"><span class='ocrx_word' id='word_1_30' title='bbox 264 1022 399 1086; x_wconf 86' lang='lat' dir='ltr'>alterum</span> <span class='ocrx_word' id='word_1_31' title='bbox 426 1021 530 1086; x_wconf 89' lang='lat' dir='ltr'>looum</span> <span class='ocrx_word' id='word_1_32' title='bbox 560 1022 605 1088; x_wconf 86' lang='lat' dir='ltr'>sio</span> <span class='ocrx_word' id='word_1_33' title='bbox 633 1022 803 1105; x_wconf 82' lang='lat' dir='ltr'>intellego:</span> <span class='ocrx_word' id='word_1_34' title='bbox 840 1027 881 1088; x_wconf 84' lang='lat'>11.</span> <span class='ocrx_word' id='word_1_35' title='bbox 911 1015 992 1088; x_wconf 78' lang='grc' dir='ltr'><strong><em>όλλοὶ</em></strong></span> <span class='ocrx_word' id='word_1_36' title='bbox 1020 1015 1172 1107; x_wconf 77' lang='grc' dir='ltr'><strong><em>τριακόσι’</em></strong></span> <span class='ocrx_word' id='word_1_37' title='bbox 1195 1015 1303 1094; x_wconf 75' lang='grc' dir='ltr'><strong><em>αὐτοῖς</em></strong></span> <span class='ocrx_word' id='word_1_38' title='bbox 1325 1019 1370 1086; x_wconf 83' lang='grc' dir='ltr'><strong><em>ἔτι</em></strong></span> 
     </span>
     <span class='ocr_line' id='line_1_6' title="bbox 264 1123 1369 1216; baseline -0.001 -22"><span class='ocrx_word' id='word_1_39' title='bbox 264 1123 484 1214; x_wconf 67' lang='grc' dir='ltr'><strong><em>προσθήσοοό</em></strong></span> <span class='ocrx_word' id='word_1_40' title='bbox 510 1123 643 1214; x_wconf 64' lang='grc' dir='ltr'><strong><em>ὄρνιθες</em></strong></span> <span class='ocrx_word' id='word_1_41' title='bbox 666 1125 728 1216; x_wconf 79' lang='grc' dir='ltr'><strong><em>ἔτη.</em></strong></span> <span class='ocrx_word' id='word_1_42' title='bbox 752 1135 788 1193; x_wconf 89' lang='grc' dir='ltr'>Ε.</span> <span class='ocrx_word' id='word_1_43' title='bbox 813 1125 903 1213; x_wconf 77' lang='grc' dir='ltr'><strong><em>παρὰ</em></strong></span> <span class='ocrx_word' id='word_1_44' title='bbox 924 1125 997 1212; x_wconf 81' lang='grc' dir='ltr'>τοῦ;</span> <span class='ocrx_word' id='word_1_45' title='bbox 1022 1135 1063 1196; x_wconf 90' lang='grc'>11.</span> <span class='ocrx_word' id='word_1_46' title='bbox 1087 1123 1175 1213; x_wconf 77' lang='grc' dir='ltr'><strong><em>παρὰ</em></strong></span> <span class='ocrx_word' id='word_1_47' title='bbox 1198 1125 1268 1212; x_wconf 67' lang='grc' dir='ltr'><strong><em>τοῦς</em></strong></span> <span class='ocrx_word' id='word_1_48' title='bbox 1294 1123 1369 1212; x_wconf 87' lang='grc' dir='ltr'><strong><em>παρ’</em></strong></span> 
     </span>
     <span class='ocr_line' id='line_1_7' title="bbox 265 1223 1369 1319; baseline -0.002 -17"><span class='ocrx_word' id='word_1_49' title='bbox 265 1231 395 1302; x_wconf 79' lang='grc' dir='ltr'><strong><em>ἑαυτόν.</em></strong></span> <span class='ocrx_word' id='word_1_50' title='bbox 442 1235 515 1300; x_wconf 88' lang='lat' dir='ltr'>Huo</span> <span class='ocrx_word' id='word_1_51' title='bbox 550 1223 646 1300; x_wconf 87' lang='lat' dir='ltr'>etianr</span> <span class='ocrx_word' id='word_1_52' title='bbox 680 1236 769 1301; x_wconf 85' lang='lat' dir='ltr'>locos</span> <span class='ocrx_word' id='word_1_53' title='bbox 803 1236 917 1301; x_wconf 85' lang='lat' dir='ltr'>referri</span> <span class='ocrx_word' id='word_1_54' title='bbox 952 1239 1050 1319; x_wconf 81' lang='lat' dir='ltr'>posse</span> <span class='ocrx_word' id='word_1_55' title='bbox 1079 1242 1220 1317; x_wconf 75' lang='lat' dir='ltr'>constat,</span> <span class='ocrx_word' id='word_1_56' title='bbox 1256 1235 1369 1318; x_wconf 89' lang='lat' dir='ltr'>quibus</span> 
     </span>
     <span class='ocr_line' id='line_1_8' title="bbox 264 1335 1369 1429; baseline -0.003 -22"><span class='ocrx_word' id='word_1_57' title='bbox 264 1343 463 1429; x_wconf 82' lang='lat' dir='ltr'>praepositio</span> <span class='ocrx_word' id='word_1_58' title='bbox 499 1344 621 1426; x_wconf 82' lang='lat' dir='ltr'>pendet</span> <span class='ocrx_word' id='word_1_59' title='bbox 644 1362 685 1406; x_wconf 85' lang='lat' dir='ltr'>ex</span> <span class='ocrx_word' id='word_1_60' title='bbox 708 1343 807 1407; x_wconf 86' lang='lat' dir='ltr'>verbo</span> <span class='ocrx_word' id='word_1_61' title='bbox 831 1339 932 1424; x_wconf 79' lang='grc' dir='ltr'><strong><em>ἔχειν,</em></strong></span> <span class='ocrx_word' id='word_1_62' title='bbox 967 1335 1055 1425; x_wconf 71' lang='lat' dir='ltr'>‘qnod</span> <span class='ocrx_word' id='word_1_63' title='bbox 1081 1342 1172 1407; x_wconf 87' lang='lat' dir='ltr'>vides</span> <span class='ocrx_word' id='word_1_64' title='bbox 1195 1341 1280 1407; x_wconf 89' lang='lat' dir='ltr'>Nub.</span> <span class='ocrx_word' id='word_1_65' title='bbox 1304 1339 1369 1406; x_wconf 82' lang='lat'>459</span> 
     </span>
     <span class='ocr_line' id='line_1_9' title="bbox 264 1443 1370 1538; baseline -0.003 -22"><span class='ocrx_word' id='word_1_66' title='bbox 264 1448 360 1516; x_wconf 78' lang='grc' dir='ltr'><strong><em>ταῦτα</em></strong></span> <span class='ocrx_word' id='word_1_67' title='bbox 394 1445 515 1533; x_wconf 71' lang='grc' dir='ltr'><strong><em>μαθών</em></strong></span> <span class='ocrx_word' id='word_1_68' title='bbox 549 1449 624 1533; x_wconf 78' lang='grc' dir='ltr'><strong><em>παρ’</em></strong></span> <span class='ocrx_word' id='word_1_69' title='bbox 661 1445 741 1533; x_wconf 81' lang='grc' dir='ltr'><strong><em>ἐμοῦ</em></strong></span> <span class='ocrx_word' id='word_1_70' title='bbox 774 1451 867 1523; x_wconf 78' lang='grc' dir='ltr'><strong><em>κλέος</em></strong></span> <span class='ocrx_word' id='word_1_71' title='bbox 901 1443 1120 1538; x_wconf 76' lang='grc' dir='ltr'><strong><em>οὐρανόμηκες</em></strong></span> <span class='ocrx_word' id='word_1_72' title='bbox 1147 1447 1246 1528; x_wconf 61' lang='lat' dir='ltr'>terre:</span> <span class='ocrx_word' id='word_1_73' title='bbox 1279 1456 1370 1514; x_wconf 81' lang='lat' dir='ltr'>reete</span> 
     </span>
     <span class='ocr_line' id='line_1_10' title="bbox 267 1550 1370 1642; baseline 0 -20"><span class='ocrx_word' id='word_1_74' title='bbox 267 1557 411 1622; x_wconf 84' lang='lat' dir='ltr'>Koekius</span> <span class='ocrx_word' id='word_1_75' title='bbox 427 1550 525 1640; x_wconf 82' lang='grc' dir='ltr'><strong><em>οταρό</em></strong></span> <span class='ocrx_word' id='word_1_76' title='bbox 548 1557 589 1619; x_wconf 90' lang='lat' dir='ltr'>ad</span> <span class='ocrx_word' id='word_1_77' title='bbox 613 1577 724 1622; x_wconf 80' lang='lat' dir='ltr'>vocem</span> <span class='ocrx_word' id='word_1_78' title='bbox 747 1553 829 1636; x_wconf 63' lang='grc' dir='ltr'><strong><em>ἓῖεις</em></strong></span> <span class='ocrx_word' id='word_1_79' title='bbox 851 1557 969 1642; x_wconf 88' lang='lat' dir='ltr'>apponi</span> <span class='ocrx_word' id='word_1_80' title='bbox 992 1556 1068 1636; x_wconf 86' lang='lat' dir='ltr'>vult,</span> <span class='ocrx_word' id='word_1_81' title='bbox 1093 1576 1156 1621; x_wconf 91' lang='lat' dir='ltr'>non</span> <span class='ocrx_word' id='word_1_82' title='bbox 1180 1556 1222 1620; x_wconf 85' lang='lat' dir='ltr'>ad</span> <span class='ocrx_word' id='word_1_83' title='bbox 1239 1551 1370 1640; x_wconf 73' lang='grc' dir='ltr'><strong><em>μαθών,</em></strong></span> 
     </span>
     <span class='ocr_line' id='line_1_11' title="bbox 267 1658 1368 1749; baseline -0.001 -21"><span class='ocrx_word' id='word_1_84' title='bbox 267 1665 321 1728; x_wconf 92' lang='lat' dir='ltr'>ubi</span> <span class='ocrx_word' id='word_1_85' title='bbox 348 1660 436 1749; x_wconf 79' lang='grc' dir='ltr'><strong><em>παρὰ</em></strong></span> <span class='ocrx_word' id='word_1_86' title='bbox 463 1658 649 1747; x_wconf 77' lang='grc' dir='ltr'><strong><em>Σωκράτους</em></strong></span> <span class='ocrx_word' id='word_1_87' title='bbox 674 1664 837 1746; x_wconf 81' lang='lat' dir='ltr'>subaudit,</span> <span class='ocrx_word' id='word_1_88' title='bbox 867 1673 962 1747; x_wconf 90' lang='lat' dir='ltr'>atque</span> <span class='ocrx_word' id='word_1_89' title='bbox 991 1661 1072 1743; x_wconf 59' lang='grc' dir='ltr'><strong><em>ἕξεις</em></strong></span> <span class='ocrx_word' id='word_1_90' title='bbox 1100 1663 1178 1727; x_wconf 89' lang='lat' dir='ltr'>nihii</span> <span class='ocrx_word' id='word_1_91' title='bbox 1208 1663 1293 1728; x_wconf 83' lang='lat' dir='ltr'>alind</span> <span class='ocrx_word' id='word_1_92' title='bbox 1317 1675 1368 1728; x_wconf 86' lang='lat' dir='ltr'>est</span> 
     </span>
     <span class='ocr_line' id='line_1_12' title="bbox 266 1769 1371 1855; baseline -0.001 -20"><span class='ocrx_word' id='word_1_93' title='bbox 266 1791 359 1854; x_wconf 86' lang='lat' dir='ltr'>quam</span> <span class='ocrx_word' id='word_1_94' title='bbox 390 1779 578 1855; x_wconf 87' lang='lat' dir='ltr'>„aeoeptum</span> <span class='ocrx_word' id='word_1_95' title='bbox 605 1769 772 1836; x_wconf 86' lang='lat' dir='ltr'>habebis“.</span> <span class='ocrx_word' id='word_1_96' title='bbox 824 1771 900 1834; x_wconf 85' lang='lat' dir='ltr'>Pari</span> <span class='ocrx_word' id='word_1_97' title='bbox 928 1771 1021 1836; x_wconf 91' lang='lat' dir='ltr'>modo</span> <span class='ocrx_word' id='word_1_98' title='bbox 1046 1769 1133 1851; x_wconf 79' lang='grc' dir='ltr'><strong><em>ἔχειν</em></strong></span> <span class='ocrx_word' id='word_1_99' title='bbox 1157 1775 1371 1835; x_wconf 79' lang='lat' dir='ltr'>constructum</span> 
     </span>
     <span class='ocr_line' id='line_1_13' title="bbox 266 1877 1370 1963; baseline -0.002 -20"><span class='ocrx_word' id='word_1_100' title='bbox 266 1885 317 1943; x_wconf 94' lang='lat' dir='ltr'>est</span> <span class='ocrx_word' id='word_1_101' title='bbox 340 1879 440 1963; x_wconf 83' lang='lat' dir='ltr'>Vesp.</span> <span class='ocrx_word' id='word_1_102' title='bbox 468 1878 541 1941; x_wconf 79' lang='lat'>102.</span> <span class='ocrx_word' id='word_1_103' title='bbox 577 1878 638 1942; x_wconf 83' lang='lat' dir='ltr'>Av.</span> <span class='ocrx_word' id='word_1_104' title='bbox 667 1877 751 1942; x_wconf 81' lang='lat'>1213</span> <span class='ocrx_word' id='word_1_105' title='bbox 787 1883 820 1943; x_wconf 87' lang='lat' dir='ltr'>et</span> <span class='ocrx_word' id='word_1_106' title='bbox 848 1881 960 1962; x_wconf 73' lang='grc' dir='ltr'><strong><em>φέρειν</em></strong></span> <span class='ocrx_word' id='word_1_107' title='bbox 988 1878 1062 1960; x_wconf 79' lang='lat' dir='ltr'>Frg.</span> <span class='ocrx_word' id='word_1_108' title='bbox 1089 1877 1142 1941; x_wconf 88' lang='lat'>90.</span> <span class='ocrx_word' id='word_1_109' title='bbox 1190 1877 1286 1942; x_wconf 86' lang='lat' dir='ltr'><strong>Haud</strong></span> <span class='ocrx_word' id='word_1_110' title='bbox 1311 1877 1370 1941; x_wconf 85' lang='lat' dir='ltr'>dis·</span> 
     </span>
     <span class='ocr_line' id='line_1_14' title="bbox 268 1979 1369 2074; baseline 0 -24"><span class='ocrx_word' id='word_1_111' title='bbox 268 1985 377 2050; x_wconf 88' lang='lat' dir='ltr'>similis</span> <span class='ocrx_word' id='word_1_112' title='bbox 408 1991 458 2050; x_wconf 89' lang='lat' dir='ltr'>est</span> <span class='ocrx_word' id='word_1_113' title='bbox 490 1985 650 2050; x_wconf 79' lang='lat' dir='ltr'>scribendi</span> <span class='ocrx_word' id='word_1_114' title='bbox 673 1985 759 2050; x_wconf 89' lang='lat' dir='ltr'>ratio</span> <span class='ocrx_word' id='word_1_115' title='bbox 783 2004 865 2067; x_wconf 88' lang='lat' dir='ltr'>quae</span> <span class='ocrx_word' id='word_1_116' title='bbox 888 1985 1006 2067; x_wconf 86' lang='lat' dir='ltr'>legitur</span> <span class='ocrx_word' id='word_1_117' title='bbox 1029 1985 1090 2048; x_wconf 80' lang='lat' dir='ltr'>Ar.</span> <span class='ocrx_word' id='word_1_118' title='bbox 1114 1983 1179 2050; x_wconf 77' lang='lat'>982</span> <span class='ocrx_word' id='word_1_119' title='bbox 1203 1979 1369 2074; x_wconf 81' lang='grc' dir='ltr'><strong><em>(χρησμός)</em></strong></span> 
     </span>
     <span class='ocr_line' id='line_1_15' title="bbox 267 2084 1369 2181; baseline -0.002 -23"><span class='ocrx_word' id='word_1_120' title='bbox 267 2087 304 2158; x_wconf 84' lang='grc' dir='ltr'>ὅν</span> <span class='ocrx_word' id='word_1_121' title='bbox 336 2085 396 2174; x_wconf 76' lang='lat' dir='ltr'>s&#39;yni</span> <span class='ocrx_word' id='word_1_122' title='bbox 425 2087 513 2175; x_wconf 79' lang='grc' dir='ltr'><strong><em>παραὶ</em></strong></span> <span class='ocrx_word' id='word_1_123' title='bbox 544 2084 747 2165; x_wconf 75' lang='grc' dir='ltr'><strong><em>τάπόλλωνος</em></strong></span> <span class='ocrx_word' id='word_1_124' title='bbox 776 2085 1002 2181; x_wconf 77' lang='grc' dir='ltr'><strong><em>ἐξεγραψάμην</em></strong></span> <span class='ocrx_word' id='word_1_125' title='bbox 1009 2140 1019 2172; x_wconf 91' lang='grc'>,</span> <span class='ocrx_word' id='word_1_126' title='bbox 1056 2110 1149 2174; x_wconf 85' lang='lat' dir='ltr'>quern</span> <span class='ocrx_word' id='word_1_127' title='bbox 1179 2109 1304 2156; x_wconf 87' lang='lat' dir='ltr'>versum</span> <span class='ocrx_word' id='word_1_128' title='bbox 1328 2093 1369 2156; x_wconf 83' lang='lat' dir='ltr'>ita</span> 
     </span>
     <span class='ocr_line' id='line_1_16' title="bbox 180 2194 1362 2284; baseline -0.003 -19"><span class='ocrx_word' id='word_1_129' title='bbox 180 2219 182 2223; x_wconf 86' lang='lat'>·</span> <span class='ocrx_word' id='word_1_130' title='bbox 266 2199 428 2265; x_wconf 84' lang='lat' dir='ltr'>transfero</span> <span class='ocrx_word' id='word_1_131' title='bbox 446 2194 659 2282; x_wconf 79' lang='lat' dir='ltr'>„(0raoulurn)</span> <span class='ocrx_word' id='word_1_132' title='bbox 676 2200 761 2282; x_wconf 89' lang='lat' dir='ltr'>quod</span> <span class='ocrx_word' id='word_1_133' title='bbox 778 2199 818 2264; x_wconf 84' lang='lat' dir='ltr'>ab</span> <span class='ocrx_word' id='word_1_134' title='bbox 831 2199 1006 2284; x_wconf 87' lang='lat' dir='ltr'>Appolline</span> <span class='ocrx_word' id='word_1_135' title='bbox 1017 2203 1183 2283; x_wconf 84' lang='lat' dir='ltr'>acceptum</span> <span class='ocrx_word' id='word_1_136' title='bbox 1193 2196 1362 2283; x_wconf 69' lang='lat' dir='ltr'>inscripsi‘⁸</span> 
     </span>
     <span class='ocr_line' id='line_1_17' title="bbox 266 2295 1367 2392; baseline 0 -22"><span class='ocrx_word' id='word_1_137' title='bbox 266 2306 349 2370; x_wconf 88' lang='lat' dir='ltr'>Vide</span> <span class='ocrx_word' id='word_1_138' title='bbox 399 2306 473 2370; x_wconf 86' lang='lat' dir='ltr'>Pae.</span> <span class='ocrx_word' id='word_1_139' title='bbox 515 2305 578 2370; x_wconf 77' lang='lat'>387</span> <span class='ocrx_word' id='word_1_140' title='bbox 632 2305 663 2372; x_wconf 82' lang='lat' dir='ltr'>si</span> <span class='ocrx_word' id='word_1_141' title='bbox 710 2331 739 2371; x_wconf 91' lang='grc' dir='ltr'><strong><em>τι</em></strong></span> <span class='ocrx_word' id='word_1_142' title='bbox 784 2310 1016 2391; x_wconf 81' lang='grc' dir='ltr'><strong><em>κεχαρισμένον</em></strong></span> <span class='ocrx_word' id='word_1_143' title='bbox 1060 2309 1220 2392; x_wconf 80' lang='grc' dir='ltr'><strong><em>χοιρίδιον</em></strong></span> <span class='ocrx_word' id='word_1_144' title='bbox 1273 2295 1367 2372; x_wconf 73' lang='grc' dir='ltr'><strong><em>οἶσθα</em></strong></span> 
     </span>
     <span class='ocr_line' id='line_1_18' title="bbox 268 2409 1369 2503; baseline -0.002 -25"><span class='ocrx_word' id='word_1_145' title='bbox 268 2413 342 2498; x_wconf 84' lang='grc' dir='ltr'><strong><em>παρ’</em></strong></span> <span class='ocrx_word' id='word_1_146' title='bbox 370 2409 485 2495; x_wconf 81' lang='grc' dir='ltr'><strong><em>ἐμοόγε</em></strong></span> <span class='ocrx_word' id='word_1_147' title='bbox 508 2409 727 2503; x_wconf 77' lang='grc' dir='ltr'><strong><em>κατεδηδοκώς</em></strong></span> <span class='ocrx_word' id='word_1_148' title='bbox 752 2435 864 2495; x_wconf 87' lang='lat' dir='ltr'>„ame</span> <span class='ocrx_word' id='word_1_149' title='bbox 888 2421 1054 2498; x_wconf 81' lang='lat' dir='ltr'>acceptum</span> <span class='ocrx_word' id='word_1_150' title='bbox 1078 2411 1205 2477; x_wconf 87' lang='lat' dir='ltr'>edisti“.</span> <span class='ocrx_word' id='word_1_151' title='bbox 1251 2414 1369 2478; x_wconf 82' lang='lat' dir='ltr'>Verbis</span> 
     </span>
     <span class='ocr_line' id='line_1_19' title="bbox 267 2508 1372 2586; baseline 0 -4"><span class='ocrx_word' id='word_1_152' title='bbox 267 2520 406 2584; x_wconf 85' lang='lat' dir='ltr'>habendi</span> <span class='ocrx_word' id='word_1_153' title='bbox 442 2521 708 2586; x_wconf 87' lang='lat' dir='ltr'>annumerandum</span> <span class='ocrx_word' id='word_1_154' title='bbox 743 2521 869 2586; x_wconf 87' lang='lat' dir='ltr'>videtur</span> <span class='ocrx_word' id='word_1_155' title='bbox 902 2508 984 2586; x_wconf 77' lang='grc' dir='ltr'><strong><em>εἶναι</em></strong></span> <span class='ocrx_word' id='word_1_156' title='bbox 1020 2522 1179 2585; x_wconf 90' lang='lat' dir='ltr'>translato</span> <span class='ocrx_word' id='word_1_157' title='bbox 1208 2520 1372 2586; x_wconf 81' lang='lat' dir='ltr'>intellectu</span> 
     </span>
    </p>
   </div>
   <div class='ocr_carea' id='block_1_3' title="bbox 136 2621 1369 2713">
    <p class='ocr_par' dir='ltr' id='par_1_3' title="bbox 136 2621 1369 2713">
     <span class='ocr_line' id='line_1_20' title="bbox 136 2621 1369 2713; baseline -0.002 -23"><span class='ocrx_word' id='word_1_158' title='bbox 136 2681 141 2690; x_wconf 82' lang='grc'>.</span> <span class='ocrx_word' id='word_1_159' title='bbox 267 2625 350 2690; x_wconf 88' lang='lat' dir='ltr'>Nub.</span> <span class='ocrx_word' id='word_1_160' title='bbox 376 2625 439 2690; x_wconf 82' lang='lat'>431</span> <span class='ocrx_word' id='word_1_161' title='bbox 465 2621 532 2692; x_wconf 75' lang='grc' dir='ltr'><strong><em>ἀλλ’</em></strong></span> <span class='ocrx_word' id='word_1_162' title='bbox 559 2625 644 2693; x_wconf 78' lang='grc' dir='ltr'><strong><em>ἔσται</em></strong></span> <span class='ocrx_word' id='word_1_163' title='bbox 668 2647 718 2694; x_wconf 88' lang='grc' dir='ltr'><strong><em>σοι</em></strong></span> <span class='ocrx_word' id='word_1_164' title='bbox 742 2626 833 2693; x_wconf 77' lang='grc' dir='ltr'><strong><em>τοῦτο</em></strong></span> <span class='ocrx_word' id='word_1_165' title='bbox 858 2630 932 2712; x_wconf 85' lang='grc' dir='ltr'><strong><em>παρ’</em></strong></span> <span class='ocrx_word' id='word_1_166' title='bbox 959 2622 1051 2713; x_wconf 74' lang='grc' dir='ltr'><strong><em>ἡμῶν</em></strong></span> <span class='ocrx_word' id='word_1_167' title='bbox 1073 2628 1154 2708; x_wconf 86' lang='lat' dir='ltr'>„hoo</span> <span class='ocrx_word' id='word_1_168' title='bbox 1172 2628 1230 2691; x_wconf 91' lang='lat' dir='ltr'>tibi</span> <span class='ocrx_word' id='word_1_169' title='bbox 1246 2649 1265 2692; x_wconf 93' lang='lat' dir='ltr'>a</span> <span class='ocrx_word' id='word_1_170' title='bbox 1281 2628 1369 2692; x_wconf 92' lang='lat' dir='ltr'>nobis</span> 
     </span>
    </p>
   </div>
   <div class='ocr_carea' id='block_1_4' title="bbox 268 2731 1465 4318">
    <p class='ocr_par' dir='ltr' id='par_1_4' title="bbox 269 2731 1367 2818">
     <span class='ocr_line' id='line_1_21' title="bbox 269 2731 1367 2818; baseline -0.004 -20"><span class='ocrx_word' id='word_1_171' title='bbox 269 2736 340 2816; x_wconf 88' lang='lat' dir='ltr'>erit,</span> <span class='ocrx_word' id='word_1_172' title='bbox 366 2755 385 2796; x_wconf 94' lang='lat' dir='ltr'>a</span> <span class='ocrx_word' id='word_1_173' title='bbox 408 2733 500 2797; x_wconf 90' lang='lat' dir='ltr'>nobis</span> <span class='ocrx_word' id='word_1_174' title='bbox 523 2735 669 2818; x_wconf 88' lang='lat' dir='ltr'>habebis,</span> <span class='ocrx_word' id='word_1_175' title='bbox 694 2736 755 2800; x_wconf 86' lang='lat' dir='ltr'>hoo</span> <span class='ocrx_word' id='word_1_176' title='bbox 776 2735 835 2798; x_wconf 91' lang='lat' dir='ltr'>tibi</span> <span class='ocrx_word' id='word_1_177' title='bbox 851 2755 869 2798; x_wconf 90' lang='lat' dir='ltr'>a</span> <span class='ocrx_word' id='word_1_178' title='bbox 885 2735 978 2798; x_wconf 89' lang='lat' dir='ltr'>nobis</span> <span class='ocrx_word' id='word_1_179' title='bbox 996 2735 1124 2798; x_wconf 88' lang='lat' dir='ltr'>dabitur</span> <span class='ocrx_word' id='word_1_180' title='bbox 1132 2757 1139 2818; x_wconf 87' lang='lat'>;</span> <span class='ocrx_word' id='word_1_181' title='bbox 1166 2734 1204 2799; x_wconf 82' lang='lat' dir='ltr'>ef.</span> <span class='ocrx_word' id='word_1_182' title='bbox 1221 2735 1277 2798; x_wconf 84' lang='lat' dir='ltr'>Th.</span> <span class='ocrx_word' id='word_1_183' title='bbox 1296 2731 1367 2796; x_wconf 89' lang='grc'>183.</span> 
     </span>
    </p>

    <p class='ocr_par' dir='ltr' id='par_1_5' title="bbox 268 2839 1375 3335">
     <span class='ocr_line' id='line_1_22' title="bbox 356 2839 1371 2924; baseline -0.003 -19"><span class='ocrx_word' id='word_1_184' title='bbox 356 2839 508 2905; x_wconf 81' lang='lat' dir='ltr'>Transire</span> <span class='ocrx_word' id='word_1_185' title='bbox 551 2841 660 2907; x_wconf 83' lang='lat' dir='ltr'>licebit</span> <span class='ocrx_word' id='word_1_186' title='bbox 704 2842 745 2905; x_wconf 88' lang='lat' dir='ltr'>ad</span> <span class='ocrx_word' id='word_1_187' title='bbox 789 2860 828 2905; x_wconf 87' lang='lat' dir='ltr'>ea</span> <span class='ocrx_word' id='word_1_188' title='bbox 868 2842 973 2922; x_wconf 88' lang='lat' dir='ltr'>verba,</span> <span class='ocrx_word' id='word_1_189' title='bbox 1022 2861 1102 2924; x_wconf 88' lang='lat' dir='ltr'>quae</span> <span class='ocrx_word' id='word_1_190' title='bbox 1149 2841 1191 2904; x_wconf 91' lang='lat' dir='ltr'>ad</span> <span class='ocrx_word' id='word_1_191' title='bbox 1238 2842 1371 2906; x_wconf 86' lang='lat' dir='ltr'>animum</span> 
     </span>
     <span class='ocr_line' id='line_1_23' title="bbox 268 2934 1374 3035; baseline -0.001 -22"><span class='ocrx_word' id='word_1_192' title='bbox 268 2948 467 3035; x_wconf 87' lang='lat' dir='ltr'>pertinentia</span> <span class='ocrx_word' id='word_1_193' title='bbox 491 2948 756 3030; x_wconf 84' lang='lat' dir='ltr'>significationem</span> <span class='ocrx_word' id='word_1_194' title='bbox 790 2949 908 3014; x_wconf 84' lang='lat' dir='ltr'>habeut</span> <span class='ocrx_word' id='word_1_195' title='bbox 945 2947 1133 3032; x_wconf 82' lang='lat' dir='ltr'>aecipiendi.</span> <span class='ocrx_word' id='word_1_196' title='bbox 1177 2934 1374 3014; x_wconf 74' lang='grc' dir='ltr'><strong><em>Μανθόνοιν</em></strong></span> 
     </span>
     <span class='ocr_line' id='line_1_24' title="bbox 268 3052 1374 3138; baseline -0.002 -19"><span class='ocrx_word' id='word_1_197' title='bbox 268 3055 443 3120; x_wconf 79' lang='lat' dir='ltr'>invenimus</span> <span class='ocrx_word' id='word_1_198' title='bbox 475 3054 558 3119; x_wconf 90' lang='lat' dir='ltr'>Nub.</span> <span class='ocrx_word' id='word_1_199' title='bbox 593 3054 672 3136; x_wconf 87' lang='lat'>840,</span> <span class='ocrx_word' id='word_1_200' title='bbox 708 3054 782 3120; x_wconf 88' lang='grc'>886.</span> <span class='ocrx_word' id='word_1_201' title='bbox 824 3054 925 3137; x_wconf 89' lang='lat' dir='ltr'>Vesp.</span> <span class='ocrx_word' id='word_1_202' title='bbox 959 3054 1053 3120; x_wconf 82' lang='lat'>1281.</span> <span class='ocrx_word' id='word_1_203' title='bbox 1099 3056 1158 3120; x_wconf 88' lang='lat' dir='ltr'>Av.</span> <span class='ocrx_word' id='word_1_204' title='bbox 1190 3055 1268 3138; x_wconf 82' lang='grc'><strong>376,</strong></span> <span class='ocrx_word' id='word_1_205' title='bbox 1291 3052 1374 3118; x_wconf 81' lang='grc'>678.</span> 
     </span>
     <span class='ocr_line' id='line_1_25' title="bbox 270 3155 1375 3228; baseline 0.003 -3"><span class='ocrx_word' id='word_1_206' title='bbox 270 3162 330 3227; x_wconf 85' lang='lat' dir='ltr'>Th.</span> <span class='ocrx_word' id='word_1_207' title='bbox 347 3161 399 3226; x_wconf 81' lang='lat'>22.</span> <span class='ocrx_word' id='word_1_208' title='bbox 426 3155 556 3228; x_wconf 76' lang='grc' dir='ltr'><strong><em>α’κοόειν</em></strong></span> <span class='ocrx_word' id='word_1_209' title='bbox 580 3163 639 3227; x_wconf 81' lang='lat' dir='ltr'>Ar.</span> <span class='ocrx_word' id='word_1_210' title='bbox 662 3160 736 3226; x_wconf 83' lang='lat'>690.</span> <span class='ocrx_word' id='word_1_211' title='bbox 767 3162 849 3226; x_wconf 89' lang='lat' dir='ltr'>Rau.</span> <span class='ocrx_word' id='word_1_212' title='bbox 868 3159 941 3226; x_wconf 82' lang='lat'><strong>895.</strong></span> <span class='ocrx_word' id='word_1_213' title='bbox 972 3161 1091 3228; x_wconf 78' lang='grc' dir='ltr'><strong><em>εἰδέναι</em></strong></span> <span class='ocrx_word' id='word_1_214' title='bbox 1115 3164 1175 3226; x_wconf 89' lang='lat' dir='ltr'>Av.</span> <span class='ocrx_word' id='word_1_215' title='bbox 1198 3160 1273 3228; x_wconf 82' lang='lat'>692.</span> <span class='ocrx_word' id='word_1_216' title='bbox 1297 3185 1375 3228; x_wconf 82' lang='grc' dir='ltr'><strong><em>τινν-</em></strong></span> 
     </span>
     <span class='ocr_line' id='line_1_26' title="bbox 269 3264 872 3335; baseline -0.003 -1"><span class='ocrx_word' id='word_1_217' title='bbox 269 3264 437 3335; x_wconf 63' lang='lat' dir='ltr'>adversat</span> <span class='ocrx_word' id='word_1_218' title='bbox 460 3269 502 3332; x_wconf 90' lang='lat' dir='ltr'>ib.</span> <span class='ocrx_word' id='word_1_219' title='bbox 521 3267 573 3332; x_wconf 82' lang='lat'>47.</span> <span class='ocrx_word' id='word_1_220' title='bbox 599 3270 657 3335; x_wconf 80' lang='lat' dir='ltr'>Th.</span> <span class='ocrx_word' id='word_1_221' title='bbox 675 3268 705 3333; x_wconf 82' lang='lat'>4.</span> <span class='ocrx_word' id='word_1_222' title='bbox 730 3268 780 3334; x_wconf 92' lang='lat' dir='ltr'>Pl.</span> <span class='ocrx_word' id='word_1_223' title='bbox 798 3268 872 3333; x_wconf 81' lang='lat'>594.</span> 
     </span>
    </p>

    <p class='ocr_par' dir='ltr' id='par_1_6' title="bbox 269 3369 1377 3680">
     <span class='ocr_line' id='line_1_27' title="bbox 358 3369 1377 3462; baseline 0 -22"><span class='ocrx_word' id='word_1_224' title='bbox 358 3375 484 3457; x_wconf 87' lang='lat' dir='ltr'>Restat,</span> <span class='ocrx_word' id='word_1_225' title='bbox 509 3382 545 3440; x_wconf 88' lang='lat' dir='ltr'>ut</span> <span class='ocrx_word' id='word_1_226' title='bbox 559 3377 722 3460; x_wconf 83' lang='lat' dir='ltr'>proferam</span> <span class='ocrx_word' id='word_1_227' title='bbox 737 3377 869 3441; x_wconf 88' lang='lat' dir='ltr'>verbum</span> <span class='ocrx_word' id='word_1_228' title='bbox 885 3376 1022 3456; x_wconf 86' lang='lat' dir='ltr'>dicendi,</span> <span class='ocrx_word' id='word_1_229' title='bbox 1048 3374 1133 3458; x_wconf 89' lang='lat' dir='ltr'>quod</span> <span class='ocrx_word' id='word_1_230' title='bbox 1151 3395 1221 3440; x_wconf 89' lang='lat' dir='ltr'>oum</span> <span class='ocrx_word' id='word_1_231' title='bbox 1237 3369 1325 3462; x_wconf 78' lang='grc' dir='ltr'><strong><em>παρά</em></strong></span> <span class='ocrx_word' id='word_1_232' title='bbox 1341 3381 1377 3440; x_wconf 91' lang='lat' dir='ltr'>et</span> 
     </span>
     <span class='ocr_line' id='line_1_28' title="bbox 269 3476 1376 3568; baseline -0.002 -20"><span class='ocrx_word' id='word_1_233' title='bbox 269 3481 420 3568; x_wconf 84' lang='lat' dir='ltr'>genetivo</span> <span class='ocrx_word' id='word_1_234' title='bbox 444 3501 520 3546; x_wconf 89' lang='lat' dir='ltr'>oasu</span> <span class='ocrx_word' id='word_1_235' title='bbox 549 3484 742 3548; x_wconf 82' lang='lat' dir='ltr'>construitur</span> <span class='ocrx_word' id='word_1_236' title='bbox 771 3485 849 3549; x_wconf 85' lang='lat' dir='ltr'>th.</span> <span class='ocrx_word' id='word_1_237' title='bbox 876 3481 959 3548; x_wconf 77' lang='lat'>1057</span> <span class='ocrx_word' id='word_1_238' title='bbox 989 3477 1011 3568; x_wconf 79' lang='grc' dir='ltr'><em>ἡ</em></span> <span class='ocrx_word' id='word_1_239' title='bbox 1040 3476 1239 3567; x_wconf 77' lang='grc' dir='ltr'><strong><em>νυμφεύτρια</em></strong></span> <span class='ocrx_word' id='word_1_240' title='bbox 1276 3484 1376 3547; x_wconf 80' lang='grc' dir='ltr'><strong><em>δεῖται</em></strong></span> 
     </span>
     <span class='ocr_line' id='line_1_29' title="bbox 271 3583 835 3680; baseline -0.002 -23"><span class='ocrx_word' id='word_1_241' title='bbox 271 3585 360 3674; x_wconf 79' lang='grc' dir='ltr'><strong><em>παρὰ</em></strong></span> <span class='ocrx_word' id='word_1_242' title='bbox 384 3586 440 3675; x_wconf 78' lang='grc' dir='ltr'>τῆς</span> <span class='ocrx_word' id='word_1_243' title='bbox 461 3583 592 3680; x_wconf 80' lang='grc' dir='ltr'><strong><em>νύμφης</em></strong></span> <span class='ocrx_word' id='word_1_244' title='bbox 613 3615 642 3655; x_wconf 89' lang='grc' dir='ltr'><strong><em>τι</em></strong></span> <span class='ocrx_word' id='word_1_245' title='bbox 666 3590 716 3656; x_wconf 85' lang='grc' dir='ltr'>σοὶ</span> <span class='ocrx_word' id='word_1_246' title='bbox 738 3592 835 3670; x_wconf 67' lang='lat' dir='ltr'>tuat.</span> 
     </span>
    </p>

    <p class='ocr_par' dir='ltr' id='par_1_7' title="bbox 273 3692 1465 4318">
     <span class='ocr_line' id='line_1_30' title="bbox 360 3692 1376 3783; baseline 0 -23"><span class='ocrx_word' id='word_1_247' title='bbox 360 3697 416 3761; x_wconf 90' lang='lat' dir='ltr'>Bis</span> <span class='ocrx_word' id='word_1_248' title='bbox 447 3697 531 3782; x_wconf 88' lang='lat' dir='ltr'>apud</span> <span class='ocrx_word' id='word_1_249' title='bbox 554 3698 654 3764; x_wconf 88' lang='lat' dir='ltr'>Arist.</span> <span class='ocrx_word' id='word_1_250' title='bbox 683 3698 827 3781; x_wconf 81' lang='lat' dir='ltr'>legimus,</span> <span class='ocrx_word' id='word_1_251' title='bbox 864 3692 953 3783; x_wconf 84' lang='grc' dir='ltr'><strong><em>παρά</em></strong></span> <span class='ocrx_word' id='word_1_252' title='bbox 987 3717 1057 3763; x_wconf 84' lang='lat' dir='ltr'>oum</span> <span class='ocrx_word' id='word_1_253' title='bbox 1087 3715 1160 3780; x_wconf 86' lang='lat' dir='ltr'>gen.</span> <span class='ocrx_word' id='word_1_254' title='bbox 1196 3695 1376 3780; x_wconf 76' lang='lat' dir='ltr'>copulatum</span> 
     </span>
     <span class='ocr_line' id='line_1_31' title="bbox 273 3795 1376 3888; baseline -0.004 -18"><span class='ocrx_word' id='word_1_255' title='bbox 273 3825 314 3870; x_wconf 85' lang='lat' dir='ltr'>ex</span> <span class='ocrx_word' id='word_1_256' title='bbox 341 3803 477 3888; x_wconf 84' lang='lat' dir='ltr'>passivis</span> <span class='ocrx_word' id='word_1_257' title='bbox 503 3805 609 3868; x_wconf 88' lang='lat' dir='ltr'>verbis</span> <span class='ocrx_word' id='word_1_258' title='bbox 639 3825 826 3888; x_wconf 88' lang='lat' dir='ltr'>suspensum</span> <span class='ocrx_word' id='word_1_259' title='bbox 855 3824 943 3884; x_wconf 87' lang='lat' dir='ltr'>esse,</span> <span class='ocrx_word' id='word_1_260' title='bbox 979 3824 1043 3868; x_wconf 90' lang='lat' dir='ltr'>non</span> <span class='ocrx_word' id='word_1_261' title='bbox 1077 3803 1175 3888; x_wconf 85' lang='lat' dir='ltr'>plane</span> <span class='ocrx_word' id='word_1_262' title='bbox 1209 3795 1275 3867; x_wconf 83' lang='grc' dir='ltr'><strong><em>όττό</em></strong></span> <span class='ocrx_word' id='word_1_263' title='bbox 1305 3823 1376 3887; x_wconf 86' lang='lat' dir='ltr'>par·</span> 
     </span>
     <span class='ocr_line' id='line_1_32' title="bbox 273 3909 1465 3998; baseline -0.003 -22"><span class='ocrx_word' id='word_1_264' title='bbox 273 3911 392 3976; x_wconf 83' lang='lat' dir='ltr'>tieulas</span> <span class='ocrx_word' id='word_1_265' title='bbox 414 3911 614 3996; x_wconf 87' lang='lat' dir='ltr'>respondens</span> <span class='ocrx_word' id='word_1_266' title='bbox 643 3931 746 3994; x_wconf 87' lang='lat' dir='ltr'>neque</span> <span class='ocrx_word' id='word_1_267' title='bbox 774 3911 807 3974; x_wconf 89' lang='lat' dir='ltr'>id</span> <span class='ocrx_word' id='word_1_268' title='bbox 837 3911 991 3990; x_wconf 79' lang='lat' dir='ltr'>indicans,</span> <span class='ocrx_word' id='word_1_269' title='bbox 1028 3910 1112 3993; x_wconf 92' lang='lat' dir='ltr'>quod</span> <span class='ocrx_word' id='word_1_270' title='bbox 1147 3928 1206 3993; x_wconf 88' lang='lat' dir='ltr'>per</span> <span class='ocrx_word' id='word_1_271' title='bbox 1241 3909 1377 3994; x_wconf 86' lang='lat' dir='ltr'>aliquem</span> <span class='ocrx_word' id='word_1_272' title='bbox 1456 3983 1465 3998; x_wconf 21' lang='grc' dir='ltr'><strong><em>Β</em></strong></span> 
     </span>
     <span class='ocr_line' id='line_1_33' title="bbox 273 4016 1377 4102; baseline 0 -20"><span class='ocrx_word' id='word_1_273' title='bbox 273 4017 318 4098; x_wconf 88' lang='lat' dir='ltr'>fit,</span> <span class='ocrx_word' id='word_1_274' title='bbox 345 4017 402 4082; x_wconf 87' lang='lat' dir='ltr'>sed</span> <span class='ocrx_word' id='word_1_275' title='bbox 426 4019 511 4101; x_wconf 89' lang='lat' dir='ltr'>quod</span> <span class='ocrx_word' id='word_1_276' title='bbox 534 4018 575 4082; x_wconf 88' lang='lat' dir='ltr'>ab</span> <span class='ocrx_word' id='word_1_277' title='bbox 599 4019 706 4100; x_wconf 88' lang='lat' dir='ltr'>aliquo</span> <span class='ocrx_word' id='word_1_278' title='bbox 731 4018 810 4082; x_wconf 86' lang='lat' dir='ltr'>exit.</span> <span class='ocrx_word' id='word_1_279' title='bbox 857 4017 921 4081; x_wconf 88' lang='lat' dir='ltr'>Hie</span> <span class='ocrx_word' id='word_1_280' title='bbox 944 4036 1029 4098; x_wconf 92' lang='lat' dir='ltr'>usus,</span> <span class='ocrx_word' id='word_1_281' title='bbox 1054 4035 1123 4080; x_wconf 89' lang='lat' dir='ltr'>oum</span> <span class='ocrx_word' id='word_1_282' title='bbox 1139 4016 1223 4099; x_wconf 92' lang='lat' dir='ltr'>apud</span> <span class='ocrx_word' id='word_1_283' title='bbox 1239 4018 1377 4102; x_wconf 88' lang='lat' dir='ltr'>optimos</span> 
     </span>
     <span class='ocr_line' id='line_1_34' title="bbox 275 4122 1376 4210; baseline 0 -22"><span class='ocrx_word' id='word_1_284' title='bbox 275 4124 451 4210; x_wconf 79' lang='lat' dir='ltr'>scriptores</span> <span class='ocrx_word' id='word_1_285' title='bbox 474 4144 538 4191; x_wconf 90' lang='lat' dir='ltr'>non</span> <span class='ocrx_word' id='word_1_286' title='bbox 561 4125 712 4208; x_wconf 85' lang='lat' dir='ltr'>frequens</span> <span class='ocrx_word' id='word_1_287' title='bbox 737 4129 771 4188; x_wconf 86' lang='lat' dir='ltr'>et</span> <span class='ocrx_word' id='word_1_288' title='bbox 793 4125 872 4188; x_wconf 88' lang='lat' dir='ltr'>satis</span> <span class='ocrx_word' id='word_1_289' title='bbox 896 4124 975 4189; x_wconf 86' lang='lat' dir='ltr'>artis</span> <span class='ocrx_word' id='word_1_290' title='bbox 991 4122 1105 4186; x_wconf 85' lang='lat' dir='ltr'>finibus</span> <span class='ocrx_word' id='word_1_291' title='bbox 1121 4123 1376 4209; x_wconf 85' lang='lat' dir='ltr'>eiroumsoriptus</span> 
     </span>
     <span class='ocr_line' id='line_1_35' title="bbox 274 4210 1376 4318; baseline -0.002 -22"><span class='ocrx_word' id='word_1_292' title='bbox 274 4231 317 4296; x_wconf 87' lang='lat' dir='ltr'>sit</span> <span class='ocrx_word' id='word_1_293' title='bbox 351 4229 406 4316; x_wconf 85' lang='lat' dir='ltr'>(ef.</span> <span class='ocrx_word' id='word_1_294' title='bbox 432 4231 529 4316; x_wconf 85' lang='lat' dir='ltr'>Soph.</span> <span class='ocrx_word' id='word_1_295' title='bbox 554 4229 609 4295; x_wconf 83' lang='lat' dir='ltr'>OG</span> <span class='ocrx_word' id='word_1_296' title='bbox 636 4229 721 4294; x_wconf 84' lang='lat'>1496</span> <span class='ocrx_word' id='word_1_297' title='bbox 749 4231 795 4304; x_wconf 85' lang='grc' dir='ltr'>τίς</span> <span class='ocrx_word' id='word_1_298' title='bbox 822 4210 865 4296; x_wconf 73' lang='grc' dir='ltr'>αὖ</span> <span class='ocrx_word' id='word_1_299' title='bbox 894 4227 969 4315; x_wconf 85' lang='grc' dir='ltr'><strong><em>παρ’</em></strong></span> <span class='ocrx_word' id='word_1_300' title='bbox 999 4221 1091 4314; x_wconf 73' lang='grc' dir='ltr'>όμοῖν</span> <span class='ocrx_word' id='word_1_301' title='bbox 1118 4224 1225 4304; x_wconf 80' lang='grc' dir='ltr'><strong><em>κοινός</em></strong></span> <span class='ocrx_word' id='word_1_302' title='bbox 1254 4225 1376 4318; x_wconf 72' lang='grc' dir='ltr'><strong><em>η’χεῖται</em></strong></span> 
     </span>
    </p>
   </div>
   <div class='ocr_carea' id='block_1_5' title="bbox 0 0 1590 4980">
    <p class='ocr_par' dir='ltr' id='par_1_8' title="bbox 0 0 1590 4980">
     <span class='ocr_line' id='line_1_36' title="bbox 0 0 1590 4980; baseline 0 0"><span class='ocrx_word' id='word_1_303' title='bbox 0 0 1590 4980; x_wconf 95' lang='lat' dir='ltr'> </span> 
     </span>
    </p>
   </div>
  </div>
 </body>
</html>
