3148 4984
728 496 950 562 ...52-

285 693 456 760 Translate
492 711 588 760 sensu
622 693 683 758 Th.
712 691 777 757 500
814 687 893 780 γυνή
929 689 1078 760 δεικνῦσα
1116 685 1226 776 τάνδρὶ
1259 687 1387 774 τοῦγκυ-

285 803 364 869 κλον
397 796 453 867 ὑπ’
487 796 587 884 αὐγάς
621 793 693 866 οἷόν
727 797 811 866 ἐστιν
849 801 931 864 sicut
964 794 1019 864 ὐπ’
1056 793 1155 882 adyta
1189 800 1269 865 ideis
1302 798 1389 864 Plat.

287 909 424 974 Phaedr.
461 908 536 989 268,
574 908 613 973 Α.
671 907 869 992 Temporelis
907 926 982 972 usus
1021 907 1083 972 duo
1119 906 1267 990 exempla
1301 912 1388 970 suut:

286 1016 366 1080 Ach.
402 1014 464 1079 139
487 1010 542 1081 ὑπ’
568 1009 664 1080 αὐτὸν
685 1010 740 1080 τὸν
762 1009 881 1098 χρόνον
905 1009 1131 1096 (cf.Thuc.1,
1156 1012 1197 1076 27
1226 1007 1291 1078 dud
1317 1007 1391 1086 τούς

286 1117 402 1197 nicode
416 1117 567 1206 χρόνους)
584 1130 618 1186 et
639 1123 683 1186 ib.
711 1120 795 1185 1076
829 1115 894 1185 sind
929 1115 1002 1194 τούς
1025 1115 1114 1193 Χόας
1145 1116 1203 1203 γὰρ
1236 1119 1290 1186 καὶ
1325 1115 1390 1185 Xo‘·
1457 1171 1461 1178 .

284 1254 392 1318 τροις,
428 1231 481 1294 ubi
514 1229 629 1294 Latine
672 1227 773 1310 ,‚sub“
815 1228 942 1292 dicitur.
1013 1228 1250 1292 Aduerbialiter
1291 1227 1409 1292 utitur-

283 1343 380 1422 poeta
414 1337 515 1422 Vesp.
546 1334 631 1400 1290
663 1330 729 1402 ὑπό
762 1360 806 1415 ιι,
842 1342 877 1399 nt
910 1335 1009 1400 Attici
1044 1335 1171 1418 saepius
1214 1331 1267 1416 (cf.
1303 1334 1389 1400 Plat.

285 1445 387 1528 Gorg.
415 1443 490 1527 493,
525 1444 562 1510 0.
586 1443 724 1509 Phaedr.
762 1441 836 1524 242,
861 1437 905 1523 D)
943 1467 972 1498 =
1010 1438 1263 1525 ‚,aliqueteuus“.

798 1673 874 1753 §d

753 1811 918 1900 μενά.

373 1971 466 2044 Monoi
490 1973 666 2062 (Kuehner.
682 1977 724 2060 Π,
751 1977 816 2041 300
839 1973 924 2060 sqq.)
950 1978 1073 2044 centies
1099 1979 1241 2044 sedecies
1264 1981 1384 2060 exstat3

285 2087 464 2170 genetivum
501 2091 600 2169 poeta
641 2087 775 2148 maxime
812 2091 906 2165 amat,
941 2086 1044 2150 miuus
1075 2087 1302 2168 accusativum,
1336 2086 1386 2149 bis

285 2195 393 2258 dativo
417 2193 525 2258 utitur.

375 2335 549 2402 Genetivus
581 2335 697 2417 ubique
731 2335 894 2400 notionem
922 2335 1086 2400 societatis
1117 2343 1150 2400 et
1173 2338 1331 2402 hominum
1354 2347 1385 2404 ot

284 2463 390 2508 rerum
413 2450 511 2508 tenet.
558 2442 608 2506 Ab
632 2442 693 2507 hoc
723 2444 877 2507 communi
905 2463 962 2506 usu
991 2463 1054 2508 uon
1084 2445 1197 2508 remoti
1227 2451 1300 2510 eunt
1326 2447 1389 2512 loci

284 2550 337 2634 qni
362 2557 548 2632 sequuntur:
584 2552 691 2615 πίνειν
724 2546 803 2634 pond
831 2544 1003 2623 Σιτάλκους
1030 2551 1111 2615 Ach.
1144 2551 1220 2636 1413
1261 2554 1302 2620 cf.
1326 2553 1387 2640 sq.

286 2655 380 2722 1289.
405 2656 505 2740 Vesp.
533 2655 628 2718 1269.
653 2656 729 2720 Pac.
757 2656 851 2730 1132,
881 2657 977 2722 1156.
1000 2652 1099 2723 θύειν
1121 2656 1199 2742 μετὰ
1221 2657 1284 2725 τῶν
1307 2663 1388 2728 οἴκε-

283 2763 346 2832 ιυῖν
381 2763 462 2828 Ach.
488 2759 552 2825 249
588 2756 672 2844 κᾶγιὶ
706 2765 773 2844 μετ’
803 2759 906 2827 αὐτῶν
933 2757 982 2844 xci
1010 2759 1088 2838 θεὸς
1111 2762 1304 2854 ξυλλήψεται
1326 2769 1386 2853 tuq.

288 2871 353 2937 229
378 2879 411 2936 et
435 2871 481 2936 sio
505 2869 634 2954 saepius
659 2869 744 2954 apud
759 2870 857 2933 verba
877 2876 909 2933 et
924 2871 1048 2934 nomina
1065 2892 1134 2938 cum
1149 2878 1388 2961 praepositione

282 2975 341 3046 σύν
369 2977 564 3063 composita,
588 2984 625 3042 ut
647 2977 726 3040 doh.
759 2973 822 3038 277
854 2980 1031 3059 συμπίνειν.
1056 2979 1099 3042 ib.
1124 2980 1186 3045 661
1212 2979 1386 3067 ξύμμαχος.

281 3087 341 3170 sq.
376 3083 440 3148 597
478 3085 711 3170 ξυνδιαφέρειν.
754 3081 836 3147 Nub.
866 3082 931 3148 475
967 3082 1253 3171 συμβουλεύεσθαι.
1310 3091 1386 3154 Pac.

286 3192 351 3256 816
375 3195 565 3276 ξυμπαίζειν
589 3186 734 3274 (verbum
758 3191 892 3274 simplex
915 3192 979 3256 vid.
1003 3193 1385 3280 Av.660.Ran.414÷÷).

282 3299 324 3363 ib.
351 3298 435 3362 1116
468 3291 749 3379 συσπλαγχνεύειν.
786 3297 860 3380 Lyd.
887 3297 951 3364 438
975 3294 1193 3386 ξυναρπάζειν.
1230 3303 1273 3368 ib.
1301 3303 1384 3366 1221

285 3407 567 3488 συνταλαιπυρεῖν.
601 3404 662 3469 Th.
691 3403 756 3468 432
792 3399 1042 3491 συγγράφεσθαι.
1099 3407 1179 3472 Rau.
1209 3408 1272 3474 782
1308 3402 1385 3492 σύμ.
1481 3441 1494 3452 -
1535 3400 1538 3411 '

281 3537 394 3600 μαγις.
419 3511 505 3575 Eccl.
533 3508 887 3580 metamaucensem.
918 3515 965 3578 Pl.
990 3511 1056 3578 504
1086 3525 1236 3583 συνεῖναι.
1285 3505 1408 3582 Nemo'

284 3688 497 3702 --.—-———-—-

356 3793 383 3861 1)
415 3793 469 3848 Hic
496 3792 657 3860 Diudoufius,
685 3799 828 3866 postquam
854 3797 909 3850 iam
927 3797 1010 3852 Beck.
1038 3801 1066 3852 et
1083 3799 1217 3852 Welcker.
1245 3798 1297 3850 hoc
1321 3794 1384 3848 loco
1422 3785 1507 3820 ’·”’“

285 3885 422 3956 glossema
440 3881 575 3950 videnum,
600 3884 731 3938 vocabula
753 3885 808 3956 μεν
832 3881 910 3950 αὐτῆς
929 3887 1042 3941 delenda
1061 3902 1120 3939 esse
1139 3887 1242 3950 censet,
1266 3887 1296 3938 ut
1318 3884 1383 3937 iam-

280 3975 359 4028 bicus
383 3971 504 4028 senarius
527 3973 621 4027 similis
644 3973 748 4044 legetur
771 3975 942 4044 praecedenti
960 3980 987 4029 et
1005 3974 1136 4044 sequenti.
1173 3972 1228 4026 Sed
1246 3988 1293 4028 cur
1312 3973 1381 4026 haec

281 4060 447 4117 emendatio?
484 4059 577 4115 Verbe
595 4064 651 4132 μεν*
670 4060 749 4126 αυίἧς
768 4079 820 4117 non
846 4063 952 4117 inutilis
979 4063 1103 4116 uidentur
1129 4065 1158 4115 et
1185 4061 1257 4132 quod
1285 4063 1385 4116 attinet

281 4151 317 4207 ad
336 4153 446 4204 metrum
466 4165 588 4206 versuum
606 4151 748 4223 disparem,
769 4152 834 4207 nihil
862 4151 986 4222 impedit,
1015 4151 1157 4220 quominus
1184 4155 1241 4206 tres
1265 4151 1385 4222 syllabae

278 4241 309 4295 in
336 4239 388 4296 dne
411 4255 503 4294 vorsus
526 4239 664 4310 sequentis
687 4242 819 4296 excidisse
838 4247 969 4312 putemus
990 4267 1020 4278 -
